3470 5124
745 365 962 430 „79-

264 542 326 598 VII.
341 545 366 611 t,
387 547 433 610 103
453 541 537 612 Verg.
552 541 600 597 οο.
611 540 658 598 IV.
678 546 711 595 99
726 561 734 596 =
749 539 807 596 001.
827 558 847 594 r.
862 559 886 596 r.
899 540 947 596 IX.
966 546 992 610 3,
1011 547 1040 609 23
1061 539 1143 609 Verg.
1158 537 1206 594 οο.
1221 538 1270 594 IV.
1292 544 1342 593 152
1357 556 1365 593 r
1379 537 1438 595 001.

265 650 287 688 r.
302 651 323 689 r.
339 631 386 688 IX.
405 637 431 700 2,
451 639 475 688 3.

358 725 410 774 222
429 719 514 791 Verg.
537 721 595 776 Ecl.
619 719 642 774 Ι.
665 725 699 774 22
715 741 721 774 :
737 719 795 775 001.
815 739 837 774 r.
855 737 877 775 r.
896 719 944 776 III.
964 725 993 788 9,
1013 724 1042 787 53
1069 718 1152 788 Verg.
1171 716 1231 772 Elel.
1250 717 1270 774 Ι.
1290 721 1343 771 220
1358 736 1364 770 :
1379 715 1439 772 001.

264 829 286 864 r.
304 827 326 866 r.
347 809 381 865 11.
400 816 443 880 22,
464 815 494 877 13
512 809 597 879 Verg.
616 809 664 866 Ge.
683 808 717 864 ΙΙ.
737 814 790 863 204
805 831 813 864 r
829 808 886 864 001.
906 827 928 862 r.
947 827 968 863 r.
986 807 1022 863 II.
1042 815 1068 877 2,
1086 812 1115 874 4;
1140 805 1173 861 V.
1192 811 1218 874 4,
1237 812 1267 873 2,
1285 803 1369 875 Verg.
1389 802 1437 859 οο.

264 897 298 953 II.
318 903 370 953 348
380 916 421 967 sq.
438 919 444 952 :
460 897 518 954 001.
537 917 559 952 r.
578 918 600 953 r.
620 898 666 952 III.
688 902 729 966 lt,
748 903 779 965 43
797 897 882 968 Verg.
904 896 953 953 Ge.
971 895 1018 953 111.
1039 903 1090 952 266
1101 914 1143 965 sq.
1159 916 1166 948 r
1182 893 1240 950 001.
1255 914 1277 948 r.
1292 913 1313 948 r.
1327 895 1375 949 VI.
1394 899 1438 963 27,

265 994 294 1056 ὃς
314 989 397 1059 Verg.
412 985 461 1042 Ge.
481 987 694 1043 1114421001.
713 1004 736 1042 r.
755 1006 778 1042 r.
796 985 856 1041 VH.
877 990 902 1054 t,
922 991 950 1051 ὅς
969 985 1054 1055 Verg.
1074 985 1123 1040 Ge.
1143 984 1188 1040 III.
1208 987 1261 1038 444
1275 1006 1282 1038 :
1298 982 1357 1038 001.
1376 1001 1398 1039 r.
1416 1000 1438 1038 r.

265 1075 324 1130 VH.
343 1083 369 1145 3,
391 1081 438 1142 103
456 1074 541 1146 Verg.
560 1074 609 1131 Ge.
629 1074 676 1131 IV.
697 1080 729 1129 11
745 1097 752 1128 :
767 1072 825 1130 001.
840 1093 862 1130 r.
880 1092 903 1130 r.
917 1074 964 1130 IX.
984 1079 1009 1143 4,
1030 1080 1059 1142 13
1078 1073 1162 1143 Verg.
1178 1072 1227 1128 Ge.
1241 1071 1288 1128 IV.
1308 1077 1341 1127 21
1357 1093 1365 1127 :
1380 1071 1438 1127 001.

264 1184 287 1221 r.
306 1184 328 1222 r.
347 1164 393 1219 IX.
412 1170 439 1234 t,
458 1171 487 1232 43
507 1162 591 1235 Verg.
611 1163 660 1218 Ge.
679 1163 727 1219 IV.
746 1168 780 1219 28
796 1183 803 1217 =
818 1163 878 1218 001.
896 1182 918 1218 r.
937 1181 959 1218 r.
978 1163 1025 1220 IX.
1045 1168 1070 1230 ὁ,
1089 1167 1114 1216 t.

353 1277 406 1328 229
424 1273 519 1326 utrum
539 1271 656 1327 Goesins
677 1270 855 1326 ‘turbentur’
880 1285 943 1324 cum
967 1268 1200 1339 sangermanensi
1225 1267 1327 1338 legerit
1350 1285 1386 1323 au
1405 1285 1439 1324 ex

266 1361 392 1432 Vergilio
418 1360 582 1431 sumpserit,
607 1362 758 1428 antequam
778 1358 950 1414 Columellas
974 1357 1101 1413 Suecana
1124 1357 1213 1414 editio
1239 1355 1347 1427 publici
1371 1356 1439 1411 iuris

265 1450 343 1505 iacta
362 1449 424 1518 erit,
443 1448 596 1504 diiudicare
615 1466 672 1504 nen
690 1449 853 1517 poterimus.

355 1561 408 1610 224
425 1555 556 1626 Legimus
573 1554 650 1625 apud
729 1609 730 1612 ,

337 1642 409 1699 Plin.
428 1663 455 1700 n.
473 1643 501 1699 b.
521 1643 593 1699 XIX.
614 1648 660 1698 68:
950 1661 972 1699 r.
992 1660 1013 1697 r.
1032 1641 1080 1698 XI.
1099 1648 1124 1711 8,
1144 1647 1192 1697 53:

302 1733 471 1789 ‘Columella
488 1733 577 1788 tradit
590 1749 670 1787 suurn
686 1746 825 1786 commen-
917 1730 987 1786 ‘Nos
1010 1731 1105 1786 autem
1127 1731 1235 1786 leviore
1259 1747 1345 1803 opera
1362 1731 1440 1787 istud

264 1824 332 1892 tum,
353 1824 385 1878 ut
402 1823 463 1878 teto
483 1840 555 1879 anno
575 1823 750 1895 contingant,
769 1821 825 1875 fru-
879 1819 940 1875 fieri
959 1820 1033 1890 apud
1051 1819 1211 1890 Aegyptiae
1229 1821 1322 1890 gentis
1339 1820 1440 1876 Bolum

263 1913 349 1968 ticem
367 1911 431 1967 rubi
453 1928 538 1980 quam
557 1911 778 1967 vetustissimum
795 1909 826 1963 in
879 1910 1055 1964 Mendesium
1074 1909 1207 1979 legimus,
1231 1910 1280 1979 qni
1303 1909 1441 1981 praecipit
1476 1899 1478 1902 ¹

265 2002 391 2072 apricum
399 2003 494 2056 locum
503 2001 654 2056 transferre
666 2000 825 2056 etrecidere
880 1998 975 2068 aprico
999 2000 1029 2053 et
1056 1999 1209 2054 sternerent>
1234 1997 1297 2054 loco
1323 1999 1440 2055 alternis

265 2090 350 2144 duum
370 2088 524 2158 digitorum
538 2074 639 2145 relicta
652 2091 738 2160 stirpe
753 2088 827 2143 circa
881 2087 1025 2141 ordinibus
1044 2085 1157 2156 ferulas,
1177 2087 1293 2142 alternis
1307 2090 1392 2145 rubos
1409 2088 1440 2142 in

264 2195 381 2234 vernum
407 2177 624 2246 aequinoctium.
652 2177 694 2232 ita
716 2179 746 2232 in
769 2195 827 2232 me·
880 2174 970 2230 hortis
990 2175 1111 2230 consitas
1129 2175 1247 2245 habere,
1272 2177 1373 2232 deinde
1392 2192 1440 2233 eae

266 2266 344 2320 dulla
361 2266 425 2322 rubi
444 2267 549 2322 semine
563 2267 717 2322 cucumeris
730 2265 826 2324 insito.
880 2265 1010 2320 confecto
1020 2263 1198 2334 aequinoctio
1208 2263 1354 2336 paululum
1367 2266 1441 2322 infra

265 2357 341 2411 terra
358 2353 469 2410 minuta
490 2357 611 2424 fimoque
634 2357 825 2425 circumagge-
880 2355 985 2409 terram
1004 2371 1098 2409 secare
1117 2355 1147 2408 et
1164 2355 1259 2424 ligneo
1278 2355 1344 2410 stilo
1363 2355 1440 2410 laxa-

264 2447 342 2500 ratas
360 2443 490 2500 resistere
509 2445 607 2516 frigori
625 2444 755 2500 radices.’
878 2443 916 2498 tis
925 2443 972 2498 vel
981 2442 1044 2498 rubi
1053 2445 1099 2499 vel
1108 2443 1216 2500 ferulae
1227 2443 1359 2498 medullis
1369 2445 1440 2499 ster-

879 2550 927 2588 oue
959 2532 1112 2588 immittere
1144 2536 1230 2603 atque
1261 2533 1303 2588 ita
1335 2534 1441 2588 semina

880 2623 1035 2678 cucumeris
1063 2620 1198 2688 inserere,
1231 2639 1303 2690 quae
1331 2621 1441 2679 scilicet

877 2711 1052 2768 incremento
1086 2727 1136 2784 suo
1169 2712 1269 2766 coeant
1301 2711 1379 2766 rubis
1411 2712 1441 2766 et

878 2803 984 2857 ferulis.
1002 2819 1070 2856 nam
1087 2801 1130 2854 ita
1146 2816 1203 2855 uon
1221 2817 1273 2855 sua
1291 2801 1341 2857 sed
1359 2800 1441 2869 quasi

879 2892 1007 2946 materna
1025 2889 1120 2945 radice
1139 2889 1264 2959 aluntur,
1284 2889 1380 2958 sicque
1399 2890 1440 2945 in·

879 2979 963 3034 sitam
997 2978 1112 3048 stirpem
1144 2977 1295 3048 frigoribus
1328 2995 1440 3048 quoque

879 3067 1033 3123 cucumeris
1051 3066 1186 3136 praebere
1203 3067 1348 3122 fructum!

338 3163 391 3213 225
408 3157 481 3213 Plin.
500 3176 527 3214 n.
547 3160 575 3213 b.
594 3157 653 3212 XV.
673 3163 770 3227 ttsq.:
814 3193 817 3198 Α

303 3246 364 3300 ‘alii
383 3247 502 3318 singulis
524 3246 606 3301 malie
630 3245 742 3316 singula
759 3263 827 3303 vasa

264 3334 365 3390 fictilia
384 3336 543 3406 adsignant.
581 3334 737 3391 Columella
759 3352 824 3391 auc·

263 3425 309 3479 tor
327 3425 371 3480 est
388 3424 418 3479 in
431 3426 532 3494 puteos
547 3423 718 3480 cisternasve
732 3425 762 3478 in
775 3426 824 3480 fic-

264 3512 364 3568 tilibus
382 3513 456 3569 rasis
475 3513 538 3583 pice
553 3512 685 3583 diligenti
699 3529 766 3568 eura
784 3512 825 3568 in-

264 3600 324 3658 litis
342 3603 453 3673 mergi?

336 3715 389 3767 226
407 3708 479 3767 Plin.
499 3728 526 3765 n.
545 3711 572 3765 h.
591 3709 664 3768 VIII.
685 3713 749 3766 lea:

302 3798 472 3854 ‘columella
485 3801 584 3854 auctor
598 3802 649 3866 est,
668 3799 692 3853 si
705 3799 761 3854 XL.
781 3797 826 3854 die

265 3903 351 3957 quam
374 3887 412 3942 sit
438 3891 533 3957 natus,
566 3889 705 3942 castretur
732 3905 826 3943 morsu

265 3976 368 4043 canda,
397 3992 577 4045 summusque
605 3975 664 4031 eius
690 3976 826 4031 articulus

266 4063 421 4134 auferatur,
450 4065 530 4134 sequi
554 4081 671 4120 nervum
695 4067 825 4135 exempto

265 4170 317 4210 nec
345 4155 463 4210 caudam
492 4170 629 4221 erescere,
661 4171 712 4210 uec
742 4170 825 4209 canes

265 4243 379 4300 rabidos
397 4243 478 4298 fieri’

952 3174 974 3211 r.
993 3175 1014 3211 r.
1034 3156 1093 3210 XII.
1114 3161 1149 3209 44
1159 3173 1213 3224 sq.:

915 3245 1004 3300 tradit
1029 3244 1185 3300 Columella
1213 3247 1344 3314 patruum
1371 3263 1440 3302 uvas

879 3335 908 3390 in
926 3334 993 3390 latis
1011 3333 1086 3390 vasis
1104 3349 1298 3402 conservasse,
1316 3333 1392 3389 mala
1410 3335 1440 3389 in

880 3425 978 3479 scrobe
1005 3423 1176 3511 inponenda
1199 3438 1259 3477 esse
1286 3423 1380 3490 docet,
1406 3424 1440 3478 de

879 3513 953 3568 vasis
971 3511 1106 3568 fictilibus
1124 3511 1197 3566 nihil
1215 3511 1302 3566 addit.

952 3709 1011 3766 001.
1030 3727 1052 3765 r.
1071 3728 1092 3767 r.
1111 3708 1171 3764 Vll.
1192 3713 1234 3777 12,
1254 3714 1300 3763 14:

918 3798 1097 3854 ‘Catulorum
1130 3797 1233 3852 caudas
1265 3799 1331 3867 post
1362 3797 1438 3853 diem

880 3887 1139 3959 quadragesimum,
1171 3903 1256 3954 quam
1279 3885 1337 3940 sint
1362 3886 1439 3956 editi,

880 3977 920 4031 sio
939 3976 1060 4030 castrare
1080 3975 1233 4030 conveniet
1270 3991 1369 4030 nervus
1388 3979 1439 4044 est,

880 4063 929 4135 qui
953 4082 1004 4136 per
1028 4063 1162 4119 articulos
1192 4062 1288 4133 spinae
1313 4061 1440 4134 prorepit

879 4170 966 4223 usque
986 4154 1022 4207 ad
1040 4152 1169 4208 ultimam
1186 4154 1297 4221 partem
1316 4151 1438 4208 caudae=

879 4243 903 4297 is
931 4242 1072 4298 mordicus
1097 4243 1315 4313 comprehensus
1341 4249 1371 4296 et
1388 4239 1439 4297 ali-

879 4335 1017 4401 quatenus
1036 4332 1153 4386 eductus
1172 4329 1358 4400 abrumpitur:
1383 4345 1438 4399 que

878 4422 954 4477 facto
973 4437 1063 4490 neque
1081 4421 1111 4474 in
1128 4418 1335 4490 longitudinem
1349 4420 1440 4475 cauda

878 4509 992 4565 foedum
1015 4510 1093 4579 capit
1115 4509 1319 4564 incrementum
1343 4512 1384 4576 et,
1408 4510 1438 4562 ut
