3470 5124
782 332 1002 396 -16-

401 508 543 575 Versum
572 512 812 592 pentametrum
842 509 1001 593 pristinae
1025 531 1160 594 poeseos
1183 510 1364 593 exemplum
1389 510 1482 576 affert

308 612 514 682 Martialis.⁹⁴

397 722 486 786 Haec
511 721 649 805 praefati
672 723 712 786 ad
736 722 903 806 scriptoris
932 723 1037 787 nostri
1061 743 1242 808 cognomen
1268 723 1482 808 interpretan-

309 830 387 894 dum
406 833 578 894 vertamur.
615 828 785 916 Significat
802 833 932 896 nostrae
952 830 1082 914 linguae
1106 836 1163 896 aut
1181 829 1301 896 ‘Stolo'
1321 834 1376 896 aut
1390 829 1482 896 ‘Ver-

310 933 436 1000 walter'
450 936 502 1001 vel
514 934 649 1002 ‘Meier'.
676 934 796 1002 Sensus
808 934 927 1002 ‘Saule'
943 938 977 1000 in
989 939 1182 1022 cognomine
1196 961 1265 1005 esse
1279 959 1347 1003 non
1360 938 1482 1023 nequit,

309 1046 368 1107 aut
391 1043 513 1128 insigni
531 1043 696 1128 gentilicio
716 1047 774 1108 aut
792 1065 869 1109 casu
889 1045 996 1127 aliquo
1016 1048 1115 1109 ortus.
1151 1044 1265 1134 Neque
1284 1067 1360 1111 vero
1380 1045 1483 1110 altera

308 1149 458 1215 vocabuli
490 1150 537 1214 vis
567 1151 680 1235 inepta
709 1154 769 1217 est.
814 1148 885 1215 Iam
908 1147 1105 1216 columellae
1134 1157 1286 1235 patruum
1317 1152 1402 1216 idem
1432 1173 1482 1217 co-

309 1277 451 1343 gnomen
474 1256 629 1322 babuisse
655 1257 803 1322 vidimus.
849 1256 912 1332 Qui
939 1256 1009 1342 ipse
1035 1279 1215 1342 cognomen
1238 1262 1295 1324 aut
1317 1282 1336 1324 a
1359 1260 1482 1324 maiore

309 1364 450 1447 quodam
472 1363 652 1428 hereditate
676 1367 866 1429 consecutus
895 1366 946 1429 est
973 1367 1029 1429 ant
1060 1387 1158 1429 manu
1182 1366 1299 1431 missus
1322 1366 1481 1452 pristinae

314 1469 508 1535 conditionis
531 1471 644 1536 notam
667 1471 700 1535 in
723 1492 841 1536 nomen
863 1471 994 1557 recepit.

398 1575 474 1642 Non
506 1577 609 1642 solum
641 1578 809 1661 scriptoris
839 1578 973 1642 nomina
1002 1577 1036 1642 in
1059 1577 1223 1644 codicibus
1247 1579 1389 1664 ascripta
1412 1601 1481 1657 esse

311 1705 408 1767 supra
427 1683 492 1748 iam
511 1683 772 1749 commemoravi.
809 1684 928 1749 Exstat
946 1683 1032 1748 enim
1050 1688 1130 1748 nota
1149 1685 1232 1750 mira
1251 1689 1348 1770 atque
1367 1687 1483 1752 leviter

308 1789 477 1875 aspicienti
508 1791 746 1857 obscurissima.
793 1789 984 1876 subscripta
1013 1791 1152 1876 legimus
1182 1791 1262 1856 haec
1293 1793 1391 1857 verba
1420 1793 1481 1857 sub

308 1896 410 1961 finem
440 1897 604 1962 undecimi
634 1895 711 1962 libri
740 1897 775 1960 in
805 1896 913 1961 codice
945 1895 1228 1982 sangermanensi:
1265 1898 1399 1981 ‘praem
1428 1899 1482 1966 bos

307 2004 448 2068 rrudccim
472 2004 565 2069 libros
586 2004 758 2086 stupratoris
781 2003 855 2070 liber
877 2005 921 2069 ad
936 2004 1073 2088 Eprium
1092 2002 1280 2070 Marcellam
1302 2007 1338 2070 de
1360 2006 1482 2072 orituro

308 2111 471 2176 vinearum
506 2115 536 2174 et
570 2108 742 2194 arborum',
780 2109 960 2176 duodecimi
990 2109 1068 2176 libri
1104 2112 1267 2177 clausulae
1302 2113 1337 2178 in
1373 2113 1481 2178 codice

309 2215 472 2301 Lipsiensi
496 2217 678 2282 subiuncta:
709 2216 849 2284 ‘Praeter
870 2218 925 2284 hos
947 2218 1041 2284 libros
1061 2219 1233 2301 sinprdmts
1254 2220 1321 2286 circs
1344 2219 1419 2286 liber
1440 2223 1484 2285 od

306 2324 444 2407 Eprium
466 2324 673 2391 Marcellam?
718 2324 844 2391 Neutro
867 2326 948 2410 loco,
971 2328 1008 2390 nt
1030 2348 1116 2391 nuno
1138 2325 1297 2392 librorum
1317 2327 1395 2392 ordo
1422 2330 1481 2407 est,
1556 2324 1560 2348 ¹

307 2433 388 2495 nota
415 2435 503 2496 recte
534 2432 642 2515 posita
675 2453 745 2498 esse
783 2431 918 2497 videtur.
973 2431 1114 2496 Maxime
1141 2452 1217 2496 vero
1250 2432 1331 2497 mibi
1363 2434 1483 2498 arridet

307 2537 493 2602 coniectura
512 2535 708 2622 Schneideri,
729 2538 784 2622 qui
801 2537 864 2604 hoc
883 2538 979 2602 modo
995 2535 1190 2603 conclusit.⁹⁵
1226 2537 1272 2604 Ut
1290 2561 1384 2625 nunc,
1408 2562 1481 2605 oum

305 2643 369 2709 viri
400 2643 486 2709 docti
516 2644 811 2709 demonstraverint
843 2644 975 2711 alterius
1005 2640 1202 2711 Columellae
1233 2647 1339 2731 operis
1368 2647 1481 2713 rustici

306 2749 475 2816 duodecim
494 2751 595 2816 libros
612 2751 745 2816 alterius
766 2751 870 2816 solum
889 2751 928 2816 de
949 2751 1119 2817 arboribus
1138 2752 1258 2818 librum
1277 2776 1336 2837 per
1355 2756 1481 2820 saecula

307 2857 475 2941 mansisse,
497 2857 581 2922 liber
604 2857 780 2942 singularis
803 2858 953 2923 ultimum
976 2859 1083 2923 locum
1102 2861 1201 2945 tenet,
1222 2861 1270 2925 ita
1288 2860 1354 2925 iam
1374 2862 1480 2927 medio

306 2986 385 3029 aevo
408 2986 474 3028 non
500 2963 682 3046 defuerunt,
712 2964 768 3050 qui
795 2986 868 3030 eum
898 2965 1013 3031 maiori
1042 2966 1132 3049 operi
1162 2970 1397 3052 postponerent
1424 2972 1481 3033 aut

305 3071 465 3136 undecimi
489 3071 566 3135 libri
585 3070 745 3136 indicibus
770 3077 959 3138 assererent.
997 3071 1142 3138 Debetur
1164 3077 1242 3138 nota
1266 3074 1479 3160 grammatico

306 3178 416 3244 veteri.
453 3177 555 3255 Quem
569 3178 819 3265 grammaticum
834 3201 946 3247 omnes
961 3179 1077 3265 prioris
1098 3181 1204 3265 operis
1224 3180 1326 3247 libros
1340 3183 1481 3265 novisse,

306 3289 414 3350 utrum
440 3286 509 3350 iure
533 3283 707 3352 Schneider
729 3287 890 3352 censuerit
911 3308 1021 3372 necne,
1043 3309 1111 3353 non
1134 3289 1215 3354 satis
1240 3287 1412 3355 constat⁹6

394 3391 442 3476 Is,
471 3391 511 3455 ad
535 3413 631 3476 quem
655 3391 773 3458 librum
806 3393 941 3458 missum
971 3415 1041 3459 esse
1072 3397 1151 3459 nota
1181 3393 1377 3475 affirmatur,
1407 3393 1479 3478 quis

307 3497 414 3581 fuerit,
446 3500 653 3580 quaerentem
688 3499 821 3566 offendit
852 3499 994 3582 Eprius
1027 3498 1252 3583 Marcellus,
1284 3497 1480 3564 columellae

306 3604 460 3689 aequalis,
482 3602 612 3686 Capuae
631 3604 757 3670 sordide
775 3609 807 3670 et
825 3605 949 3670 abiecte
964 3602 1107 3671 natus⁹²
1139 3605 1202 3681 Qui
1219 3609 1394 3690 postquam
1412 3627 1480 3670 rem

304 3711 469 3796 publicam
502 3711 690 3797 capessivit,
721 3711 771 3777 bis
802 3712 914 3778 consul
944 3708 1048 3796 fuit,⁹⁸
1077 3733 1136 3796 pro
1166 3715 1316 3797 praetore
1346 3711 1479 3796 Lyciam

306 3818 513 3902 gubemavit‚
549 3818 802 3901 repetundarum
835 3822 1003 3884 accusatus
1042 3818 1137 3883 malis
1166 3817 1308 3905 artibuS,
1343 3823 1380 3884 ut
1410 3817 1480 3904 ipse

305 3912 440 3990 crimine
463 3925 669 4005 liberaretur,
698 3925 741 4010 ei,
765 3948 784 3991 a
807 3924 926 4010 quibus
949 3927 984 3990 in
1007 3926 1057 3992 ius
1080 3929 1214 3991 vocatus
1238 3928 1320 4006 erat,
1349 3926 1479 3991 damna·

304 4036 430 4117 rentur,
460 4028 607 4098 effecit⁹⁹
651 4030 791 4098 Neronis
819 4033 1020 4118 temporibus
1050 4033 1230 4099 delationes
1261 4030 1479 4098 factitavit¹⁰⁰

305 4137 507 4224 Vespasiano
531 4139 725 4224 imperatore
749 4162 880 4206 manum
912 4140 975 4206 sibi
1007 4141 1134 4225 intulit,
1167 4162 1239 4206 cum
1272 4139 1478 4224 imperatoris

306 4246 449 4311 amicitia
481 4247 603 4311 abusus
640 4247 674 4311 in
706 4247 829 4312 domini
867 4247 998 4313 caedem
1036 4242 1307 4330 conspirasset.1⁰¹
1360 4245 1479 4311 Exstat

306 4353 448 4438 elogium
472 4353 513 4418 ab
537 4353 651 4418 incolis
676 4351 777 4437 Cypri
795 4353 920 4419 insulae
944 4349 1164 4437 dedicatnm‚⁹⁸
1191 4353 1226 4417 in
1250 4374 1312 4437 quo
1337 4353 1480 4436 appella·

306 4465 374 4526 tur:
399 4460 436 4527 Τ.
451 4458 582 4527 Clodius
596 4459 639 4525 M.
653 4461 675 4526 f.
689 4459 761 4527 Val.
776 4460 897 4548 Eprius
912 4460 1085 4546 Marcellus
1105 4509 1112 4526 .
1127 4510 1134 4526 .
1149 4509 1156 4528 .
1180 4459 1300 4526 sodalis
1318 4458 1479 4546 Augusta·
