3470 5124
626 1346 799 1420 Tabula
827 1346 1103 1443 argumenti:

810 1559 917 1566 —..—..

1398 1635 1452 1674 pag.

278 1697 422 1753 Praefatio
454 1737 1136 1754 ....................
1165 1699 1171 1750 ‘.
1201 1736 1384 1751 ......
1437 1701 1452 1750 'l

276 1786 345 1841 Pars
368 1785 389 1842 Ι.
435 1786 476 1839 De
495 1782 669 1839 columellae
688 1784 762 1840 vita:

438 1874 531 1944 Caput
548 1875 569 1930 I.
615 1873 789 1929 columellae
798 1874 858 1928 vita
872 1873 907 1928 ad
922 1871 1011 1942 ipsius
1026 1873 1193 1942 scriptorum
1207 1873 1291 1927 fidem
1301 1888 1380 1928 enar-

613 1964 693 2017 ratur
735 2004 1383 2019 ...................
1435 1968 1451 2016 9

436 2051 528 2122 Caput
541 2051 575 2106 Il.
613 2051 692 2118 Quae
711 2053 746 2106 de
765 2051 937 2106 columellae
956 2051 1016 2106 vita
1036 2051 1184 2120 scriptores
1203 2049 1380 2118 tradiderint,

614 2139 763 2210 exponitur
772 2179 1384 2196 ..................
1418 2144 1451 2192 18

438 2230 529 2299 Caput
542 2228 589 2283 Ill.
619 2227 693 2294 Quid
703 2228 738 2282 de
746 2228 918 2283 Columellae
932 2227 993 2283 vita
1006 2227 1085 2282 tituli
1095 2227 1222 2296 doceant,
1237 2228 1381 2296 quaeritur
1417 2233 1450 2281 23

277 2319 344 2373 Pars
363 2317 397 2373 ll.
436 2318 477 2373 De
497 2317 668 2373 Oolumessne
688 2315 813 2386 seriptis:

437 2405 528 2477 Caput
546 2405 568 2462 Ι.
615 2405 729 2460 Librum
747 2407 781 2460 de
800 2405 946 2461 arboribus
970 2423 987 2461 a
1008 2403 1163 2460 Columella
1185 2404 1285 2461 iuvene
1304 2422 1378 2460 oom-

614 2494 737 2564 positum
757 2511 817 2550 esse
836 2495 1042 2550 demonstratur
1055 2536 1381 2550 ..........
1416 2500 1449 2550 27

353 2645 357 2650 ¹
436 2583 527 2654 Caput
540 2583 574 2640 II.
612 2583 766 2640 Duodeoim
785 2584 826 2638 rei
843 2584 965 2639 rusticae
983 2583 1050 2638 libri
1071 2583 1265 2639 deseribuntur
1304 2627 1310 2638 .
1341 2628 1345 2637 .
1377 2627 1381 2636 .
1416 2588 1448 2638 31

436 2672 528 2743 Caput
541 2671 589 2729 Ill.
617 2672 725 2738 Quibus
749 2689 783 2726 ex
806 2672 932 2728 fontibus
951 2673 1108 2728 Columella
1125 2671 1265 2742 hauserit,
1288 2671 1379 2742 inqui·
1444 2727 1447 2731 ,
1558 2739 1563 2748 ι

614 2762 684 2816 titur
699 2803 1381 2819 ....................
1414 2765 1448 2814 42

436 2851 528 2920 Caput
540 2851 587 2908 IV.
614 2852 690 2918 Quae
706 2853 767 2906 iata
788 2851 960 2907 Columellae
977 2851 1067 2906 libelli
1084 2850 1242 2920 habuerint,
1261 2867 1295 2906 ex
1312 2849 1377 2904 sori-

612 2941 724 3010 ptorurn
742 2939 911 2995 testimoniis
929 2940 1116 3009 investigatur
1127 2981 1346 2996 .......
1354 2953 1357 2957 ·
1376 2983 1382 2996 .
1415 2944 1448 2994 62

276 3027 434 3084 Peroratio:
453 3026 551 3084 Totius
570 3027 774 3084 dissertationis
794 3046 903 3084 summa
920 3030 953 3083 iit
983 3070 1380 3085 ............
1414 3034 1448 3083 59
