3470 5124
718 357 936 423 ..45-

241 558 314 600 rum
338 557 419 620 opus
442 535 599 602 rusticum
618 536 877 620 componendum
892 535 1012 602 adiisse
1031 558 1130 620 supra
1144 536 1208 600 iam
1225 537 1414 623 significavi.

239 642 371 706 Etenim
394 643 464 727 ipse
487 643 681 708 iactationes
705 640 941 708 Chaldaeorum
968 643 1218 729 impugnaturus
1241 645 1415 710 nonnullos

241 748 344 814 libros
369 749 479 814 edidit.
524 748 587 815 Sed
615 754 652 815 ul
679 750 818 815 istorum
840 734 1001 815 veniales
1030 749 1210 836 damnavit,
1238 752 1285 816 ila
1309 751 1416 817 sidera

244 855 396 940 agricolis
416 856 617 940 respicienda
637 879 707 923 esse
726 857 843 922 docuit.
880 856 942 922 Rei
960 857 1101 923 rusticae
1120 857 1226 941 primo
1246 858 1312 922 iam
1331 858 1415 922 libro

242 961 282 1026 ad
297 961 439 1026 siderum
458 966 567 1028 molus
582 963 743 1049 agricolas
764 961 980 1030 converlil.²⁰⁹
1018 964 1123 1040 Quam
1142 964 1183 1028 ad
1202 964 1415 1029 monitionem

241 1068 403 1133 undecimi
426 1069 504 1133 libri
527 1070 632 1154 primo
655 1069 761 1154 capite
785 1091 933 1135 reversus
957 1070 1037 1134 haec
1061 1071 1206 1154 scripsit:

328 1198 352 1240 r.
376 1198 400 1241 r.
423 1173 471 1239 XI
497 1175 530 1259 1,
552 1177 593 1240 31
611 1198 664 1260 sq:
695 1175 812 1257 ‘Quare
840 1177 1012 1242 mcessaric
1034 1181 1079 1242 est
1099 1179 1249 1243 menstrui
1271 1179 1416 1260 cuiusque

240 1283 337 1365 officii
359 1282 486 1348 monitio
508 1273 563 1363 ea,
593 1297 671 1366 quae
696 1285 809 1367 pendet
836 1305 874 1350 ea
895 1285 1015 1350 ratione
1041 1285 1178 1350 warum
1201 1285 1285 1350 caeli.
1331 1284 1418 1350 Naro

238 1395 274 1455 ut
300 1391 348 1454 ait
376 1376 545 1472 Verpilius:
574 1389 666 1456 “lam
692 1395 767 1456 sunt
787 1392 918 1456 Arcturi
944 1392 1049 1456 sidera
1075 1391 1162 1456 nobis
1193 1391 1419 1473 haedorumque

239 1497 304 1563 dies
325 1497 470 1562 seruandi
488 1502 517 1561 el
539 1497 659 1563 lucidus
681 1499 802 1583 mmuh,
825 1518 921 1580 quam
943 1498 1054 1580 quibus
1075 1499 1112 1562 in
1127 1499 1273 1581 patriam
1295 1503 1417 1562 oculosa

234 1624 292 1685 per
319 1623 454 1686 aequm
480 1605 572 1669 uectis
597 1609 713 1687 pontus
741 1610 771 1669 et
802 1604 940 1686 ostriferi
966 1605 1073 1685 fauces
1102 1609 1259 1669 humatur
1281 1603 1416 1687 Abpdi.''

240 1709 358 1776 Contra
379 1731 474 1793 quam
496 1711 734 1777 observatiorem
760 1712 868 1777 multis
895 1712 1217 1794 arpumeutcliombus
1239 1711 1418 1776 disseruisse

237 1838 286 1882 me
317 1839 380 1883 non
415 1819 535 1900 infitior
566 1820 602 1884 in
634 1820 676 1884 iis
708 1819 808 1903 libris,
849 1838 924 1901 quos
960 1820 1106 1884 adversus
1142 1818 1309 1902 mholoqos
1339 1837 1417 1883 eorm

232 1945 409 2008 posueram.
455 1923 517 1991 Sed
543 1926 609 1990 illis
635 1925 894 2008 disputationibus
921 1926 1097 2008 euiqebatur
1124 1926 1170 2006 id,
1198 1927 1279 2009 quod
1304 1927 1416 2008 impro·

238 2032 360 2098 bissime
383 2031 537 2098 Chaldaei
556 2033 758 2116 pollicentur,
786 2037 822 2096 ul
848 2034 938 2098 certis
963 2035 1055 2115 quasi
1082 2033 1223 2098 terminis
1245 2034 1291 2097 ila
1313 2033 1418 2098 dicbus

239 2139 329 2204 statis
351 2139 434 2204 uerus
452 2139 635 2204 mutationes
653 2140 871 2222 respondeant:
894 2140 929 2204 in
947 2139 1005 2203 hcc
1022 2144 1124 2204 auam
1141 2140 1229 2204 ruris
1251 2139 1418 2222 disciplina

240 2267 304 2311 non
327 2247 519 2310 desideratur
541 2245 691 2310 eiusmodi
708 2246 945 2328 scrupulositas;
967 2247 1022 2310 sed
1044 2243 1141 2332 (quod
1156 2247 1286 2330 dicitur)
1305 2248 1419 2330 pinqrri

239 2351 390 2417 Minerua
418 2357 570 2434 qurunlum
603 2353 651 2417 cis
682 2353 757 2417 utile
788 2353 939 2434 continuet
965 2353 1054 2417 cilico
1083 2354 1267 2435 tempestatis
1290 2354 1418 2434 futurae

232 2459 445 2542 praesepium,
462 2459 491 2523 si
497 2479 686 2542 persuasum
699 2459 848 2539 habuerit,
867 2460 955 2524 modo
970 2464 1048 2539 ante,
1067 2461 1156 2525 modo
1164 2464 1244 2544 post,
1262 2461 1417 2525 interdum

238 2570 317 2630 stato
340 2566 389 2629 die
411 2566 537 2630 orientis
558 2567 605 2631 ccl
627 2567 788 2632 omidenlis
809 2572 971 2650 competere
993 2568 1057 2632 cim
1074 2568 1193 2633 sideris.
1231 2566 1318 2631 Num
1340 2569 1418 2632 satis

234 2672 387 2756 prouidus
405 2673 471 2756 erit,
494 2673 545 2737 cui
564 2673 663 2738 licebit
679 2678 750 2738 anm
767 2675 881 2739 multos
902 2675 967 2739 dies
984 2695 1088 2739 cauere
1110 2679 1247 2757 suspmta
1260 2672 1417 2757 tempora?

330 2775 422 2842 Adde
447 2777 578 2843 secundi
601 2780 716 2863 capitis
740 2781 846 2845 locos:

330 2888 350 2965 ἓ
371 2887 399 2949 1.
423 2883 546 2968 ‘Itaque
557 2887 794 2970 prosapiarum,
818 2888 895 2968 quid
914 2907 1031 2969 quoque
1052 2907 1153 2953 mense
1173 2889 1350 2969 faciendum
1368 2891 1417 2973 sit,

238 2991 284 3056 sic
316 2991 500 3074 temperabo
531 2995 759 3058 commodantes
790 3014 883 3075 opera
911 2995 1014 3077 rums,
1049 3000 1085 3059 ul
1110 2997 1288 3077 permiserit
1317 3001 1417 3062 status

239 3099 332 3164 caeli:
365 3100 453 3164 euius
484 3101 662 3164 uarietatem
693 3101 963 3183 mutationemque,
994 3102 1023 3164 si
1054 3121 1092 3165 ea
1118 3101 1172 3166 hoe
1198 3103 1416 3167 cumulentaric

237 3205 335 3285 hierii
351 3206 567 3286 praemonitus
588 3206 706 3289 uilicus,
728 3209 785 3270 aut
806 3226 966 3288 nunquam
988 3208 1154 3289 deapieiur
1176 3214 1234 3273 aut
1255 3215 1331 3274 cute
1353 3231 1416 3275 nan

237 3311 473 3394 frequenter..
498 3311 519 3375 .'

329 3425 362 3480 el
385 3420 405 3497 ἓ
430 3418 458 3482 6.
505 3416 587 3483 ‘Hoc
615 3419 713 3501 iqilrm
743 3420 1011 3485 semimenstruum
1040 3426 1068 3485 et
1094 3422 1233 3505 deinceps
1259 3423 1415 3505 sequeutia

239 3523 465 3606 tempestatibus
487 3525 646 3590 annotatis
662 3528 907 3612 percensuimus,
931 3547 989 3610 quo
1012 3529 1131 3593 cautior
1152 3529 1271 3609 uilicus,
1293 3536 1330 3595 ul
1351 3532 1418 3596 iam

239 3632 316 3710 dini,
338 3631 385 3696 oct
406 3631 557 3696 abstinere
573 3633 674 3714 possit
696 3633 836 3715 operibus
857 3634 904 3698 oet
924 3635 1154 3716 traductionem
1176 3635 1338 3702 marlae?

329 3737 423 3801 Adde
446 3738 524 3802 noni
548 3738 623 3803 libri
646 3739 763 3824 locum,
786 3762 854 3824 cap.
881 3742 931 3824 14,
957 3743 1011 3805 12:

329 3842 405 3907 ‘Nee
428 3863 475 3908 me
495 3844 583 3925 fallit
599 3845 777 3928 Hipparchi
799 3848 890 3931 ratio,
913 3868 991 3929 quae
1009 3849 1091 3912 decet
1112 3849 1243 3914 solstitia
1265 3854 1295 3912 et
1315 3850 1416 3931 aequi-
1498 3917 1500 3922 ,

239 3950 341 4015 nortia
363 3970 426 4014 non
448 3952 561 4016 octams
589 3953 643 4015 sed
661 3953 775 4032 primis
791 3953 937 4034 partubus
958 3955 1118 4036 siqnorum
1141 3956 1257 4037 conici.
1304 3955 1417 4020 Verum

238 4057 275 4120 in
296 4055 354 4121 hcc
375 4057 463 4120 ruris
485 4058 651 4140 disciplina
677 4078 786 4140 sequor
807 4080 891 4124 nunc
912 4059 1042 4124 Eudoxi
1068 4065 1097 4125 et
1118 4061 1253 4126 Metonis
1276 4062 1416 4144 antiquo

241 4184 371 4246 rumque
390 4164 494 4245 fustus
524 4164 760 4249 astrolopcrum,
791 4167 846 4247 qui
876 4171 949 4230 sunt
974 4168 1075 4248 aptati
1090 4167 1224 4248 publicis
1246 4169 1417 4252 sacrificiis,

240 4271 315 4350 quia
337 4275 367 4334 et
388 4271 490 4334 notior
512 4275 555 4336 est
579 4271 642 4335 ista
664 4275 749 4336 oetas
773 4273 917 4355 apricolis
945 4276 1085 4356 concepta
1108 4274 1211 4354 opinio
1233 4294 1287 4339 nee
1314 4279 1417 4339 tamen

240 4374 419 4458 Hipparchi
449 4377 605 4442 subtilitas
628 4378 861 4462 pinpuiombus‚
892 4383 929 4443 ul
962 4379 1066 4461 aiunt,
1092 4381 1276 4447 rustieomm
1308 4381 1416 4447 litteris

239 4484 412 4548 mensoria
436 4482 497 4548 est?
