3470 5124
712 367 930 430 -47-

229 544 308 626 pito,
331 543 388 628 qui
415 542 557 628 Augusti
580 542 782 626 temporibus
806 540 937 609 vixit.²¹²
975 541 1167 625 Calendarii,
1190 543 1230 608 de
1253 567 1316 629 quo
1341 546 1407 631 agi-

231 655 294 735 tur,
318 654 482 716 auctorem
502 651 573 714 tum
592 649 740 715 floruisse
760 653 896 734 apparet
914 672 953 714 ex
967 649 1050 734 Lydi
1064 650 1171 733 capite
1187 651 1239 738 71,
1261 652 1318 717 ubi
1331 657 1407 736 post

233 757 333 822 verba
352 779 449 841 supra
469 757 631 841 exscripta
649 757 711 822 hoc
730 757 826 822 modo
846 757 1007 842 pergitur:
1031 754 1098 822 ‘aul
1113 757 1174 822 οὐκ
1193 757 1292 835 αὐτὸς
1305 759 1407 843 μόνος

231 863 314 928 ἀλλὰ
339 865 405 948 μὴν
427 861 483 929 καὶ
501 861 651 941 Εὔδοξός
673 885 708 928 τε
732 863 750 928 ὁ
768 865 884 948 πολύς,
906 866 1116 948 Δημόκριτος
1137 875 1266 950 πρῶτος
1288 865 1407 950 αὐτῶν,

230 970 374 1057 Βάρρων
392 994 425 1035 τε
446 970 464 1035 ὁ
482 967 651 1056 Ῥωμαῖος,
666 967 856 1054 Ἵππαρχος,
878 972 1109 1057 Μητρόδωρος
1126 969 1182 1036 καὶ
1200 994 1259 1055 μετ
1273 964 1408 1048 ἀὐτοὺς

230 1077 255 1146 ὁ,
272 1080 403 1165 Καῖσαρ
426 1075 504 1163 περὶ
526 1085 583 1162 τῆς
606 1076 775 1164 ἐφημέρου
793 1087 860 1143 τῶν
884 1076 1098 1162 φαινομένων
1122 1076 1273 1160 tarachie
1294 1099 1329 1142 τε
1351 1075 1407 1142 καὶ

231 1183 390 1268 despera?
435 1183 547 1249 Habes
570 1184 702 1249 testium
726 1184 874 1268 indicem,
899 1206 993 1269 quem
1013 1182 1122 1268 Lydus
1147 1184 1232 1269 apud
1256 1181 1406 1249 Clodium

232 1289 371 1354 Tuscum
395 1291 550 1374 scriptum
574 1290 709 1356 invenit.
754 1289 867 1376 Neque
897 1290 1133 1356 Chaldaeorum
1164 1291 1219 1375 qui
1250 1297 1407 1356 vocantur

233 1418 336 1481 neque
367 1400 484 1480 poetae
517 1397 615 1462 ullius
648 1397 808 1462 fastorum
838 1398 1006 1481 praeconis
1040 1398 1163 1463 mentio
1196 1397 1241 1462 fit
1291 1397 1406 1482 Itaque

235 1503 403 1586 scripsisse
418 1503 546 1568 videtur
561 1501 694 1568 Clodius
713 1503 769 1567 ille
789 1503 924 1589 Tuscus,
947 1508 1122 1588 antequam
1142 1502 1259 1590 Ovidii,
1281 1503 1407 1569 Manilii

233 1610 288 1694 qui
310 1613 455 1690 vocatur,
479 1610 618 1675 aliorum
641 1631 739 1694 opera
762 1610 1044 1695 chronographica
1066 1610 1191 1694 publici
1213 1609 1293 1676 iuris
1317 1611 1405 1676 faeta

231 1718 332 1782 erant.
378 1717 475 1782 Hunc
499 1716 647 1783 Clodium
671 1717 811 1784 Tuscum
834 1717 969 1784 Ioannis
992 1717 1075 1802 Lydi
1103 1721 1268 1784 auctorem
1293 1718 1405 1783 eodem

231 1827 327 1909 atque
353 1825 532 1890 Columella
562 1824 717 1890 fonte-
746 1828 855 1890 vetere
885 1825 1068 1890 calendario
1096 1825 1218 1892 rustico
1246 1823 1409 1890 Romano·

229 1952 314 2016 rum,
356 1931 397 1994 ab
429 1929 574 2014 Eudoxi,
610 1931 765 2018 Metonis,
798 1932 1005 2017 antiquorum
1036 1931 1133 1997 fastis
1166 1931 1407 2018 astrologorum

230 2038 370 2122 repetito
395 2037 584 2102 —rivulos
612 2060 688 2104 suos
716 2039 871 2124 irrigasse
895 2039 1113 2105 Wachsmuth
1138 2035 1326 2104 νοιιίνοίὲ.213
1370 2037 1409 2102 In

231 2142 284 2207 via
317 2165 337 2207 a
365 2141 603 2209 Wachsmutho
640 2143 803 2229 patefacta
835 2145 988 2211 audacius
1023 2167 1215 2231 progressus
1248 2145 1360 2230 Unger
1368 2142 1408 2181 ²¹4

232 2251 381 2313 nostrum
406 2247 511 2314 Clodii
543 2251 645 2335 ipsius
678 2251 799 2316 libellis
831 2251 893 2316 niti
926 2251 1107 2336 suspicatus
1140 2255 1197 2317 est.
1244 2250 1407 2316 Memento

233 2375 362 2439 quaeso,
386 2360 511 2439 quanta
529 2379 601 2421 cum
620 2357 754 2422 licentia
768 2355 950 2424 Columella
968 2359 1093 2423 diarum
1113 2360 1408 2442 tempestatumque

233 2461 373 2527 indicem
388 2459 642 2529 contraxerit.²¹⁶
676 2463 778 2550 Adde,
793 2464 879 2549 quod
898 2464 932 2528 in
951 2465 1094 2530 numeris
1115 2464 1293 2530 scribendis
1311 2465 1409 2529 libra-

235 2567 357 2634 riorum
381 2568 461 2634 fidss
484 2571 571 2636 haud
595 2571 642 2636 ita
665 2574 754 2636 certa
778 2575 836 2636 est.
872 2571 1063 2656 Recordare,
1087 2572 1115 2637 si
1134 2572 1250 2657 placet,
1273 2593 1313 2637 na
1331 2594 1409 2656 pau-

232 2674 376 2740 niculum
404 2676 533 2760 quidem
562 2677 737 2744 calendarii
761 2677 910 2744 Clodiani
943 2678 1044 2762 ipsius
1074 2682 1204 2763 praeter
1225 2678 1308 2763 Lydi
1340 2701 1410 2754 ver,-

235 2779 359 2846 sionem
383 2781 540 2848 Graecam
569 2788 797 2851 conservatum
820 2807 898 2850 esse.
944 2785 1163 2852 Remiuiscere
1192 2786 1306 2871 quinto
1330 2789 1407 2870 post

233 2885 433 2954 Columellas
464 2893 615 2976 tempora
648 2893 777 2957 saeculo
809 2890 964 2957 Ioannem
994 2891 1119 2975 Lydum
1152 2893 1272 2957 vixisse
1303 2913 1407 2977 neque

231 3016 435 3080 quemquam,
458 3018 540 3081 quae
564 2998 634 3062 fata
656 2998 742 3062 iuter
760 2995 958 3063 Columellas
981 2998 1128 3084 Lydique
1152 3002 1275 3065 aetates
1300 2998 1406 3064 Clodii

233 3100 331 3166 Tusci
354 3103 573 3169 calendarium
596 3103 718 3189 tulerit,
740 3126 800 3188 pro
824 3109 912 3170 certo
938 3107 1081 3170 statuere
1099 3126 1203 3189 posse.
1240 3104 1311 3170 Iam
1335 3127 1408 3171 con·

232 3207 326 3272 cedes
350 3207 579 3272 difficillimum
603 3231 673 3274 esse
696 3209 736 3274 ad
761 3209 1017 3290 diiudicandum,
1040 3183 1148 3276 utrum
1171 3208 1351 3276 Columella
1373 3212 1408 3276 in

234 3311 349 3378 Clodio
373 3313 478 3379 Tusco
501 3313 596 3378 nixus
621 3313 730 3378 sitan
757 3336 796 3378 ex
829 3315 941 3381 eodem
972 3317 1063 3381 fonte
1091 3320 1227 3403 uterque
1255 3317 1409 3383 hauserit,

234 3417 297 3483 Sed
318 3421 464 3504 quamvis
479 3442 600 3506 magna
615 3443 653 3486 ex
672 3425 765 3504 parte
780 3419 964 3487 Columella
982 3421 1154 3508 Lydusque
1173 3423 1259 3488 inter
1278 3446 1312 3488 sa
1337 3446 1409 3491 con-

233 3524 431 3610 sensianum
460 3530 572 3592 tamen
603 3550 670 3594 uon
702 3529 817 3594 desunt
849 3527 1063 3615 differentiae,
1095 3552 1176 3615 quae
1209 3529 1409 3596 Columellas

233 3631 368 3698 licentia
382 3637 472 3699 ortae
487 3655 636 3700 essenon
651 3632 842 3719 possunt.²¹⁷
879 3635 964 3712 Quid
982 3636 1100 3722 plura?
1123 3637 1292 3722 Ungerum
1315 3637 1409 3702 auda·

233 3760 303 3804 cam
326 3762 395 3805 non
418 3741 518 3806 secuti
540 3741 602 3806 hoc
625 3742 778 3806 statuisse
803 3742 882 3807 satis
906 3743 1098 3809 habeamus:

323 3845 505 3912 Columella
524 3849 641 3912 maiori
665 3850 755 3932 operi
780 3871 837 3914 suo
857 3849 995 3914 inseruit
1013 3849 1231 3914 calendarium
1251 3849 1407 3915 rusticum

233 3949 391 4017 Chaldaei
415 3952 627 4017 alicuiusdam
651 3955 739 4019 notis
762 3955 801 4019 ad
821 3955 1031 4040 prognostica
1048 3955 1289 4039 pertinentibus
1313 3976 1408 4019 orna-

231 4060 311 4124 tum.
348 4060 434 4124 Ante
458 4056 673 4124 Columellam
697 4057 829 4126 Clodius
852 4061 977 4126 Tuscus
1001 4063 1234 4146 grammaticus
1259 4060 1408 4144 epheme-

231 4165 333 4229 ridem
349 4168 477 4231 auctam
497 4165 761 4231 adnotationibus
785 4168 825 4231 ad
846 4172 953 4233 motus
973 4167 1112 4232 siderum
1132 4170 1409 4252 tempestatesque

233 4271 456 4355 spectantibus
493 4294 532 4336 ex
568 4272 788 4356 compluribus
824 4272 970 4338 fontibus
1008 4271 1220 4358 congestum
1270 4274 1340 4350 Quo
1373 4276 1409 4339 in

232 4398 368 4443 numero
406 4377 605 4444 Columellas
643 4383 755 4445 auctor
790 4379 863 4445 fuit
921 4378 1023 4444 Medii
1059 4381 1130 4445 aevi
1167 4381 1408 4466 grammaticus,

231 4481 369 4550 Ioannes
402 4483 525 4571 Lydus,
558 4508 779 4571 quaecumque
813 4487 898 4570 apud
932 4485 1083 4552 Clodium
1116 4487 1255 4553 Tuscum
1288 4489 1409 4573 scripta
