3470 5124
723 337 937 406 ...49-

334 517 402 586 001.
422 542 446 584 r.
466 542 490 584 r.
508 517 564 583 IX.
589 519 645 583 1οε
947 515 1045 602 Verg.
1064 515 1121 582 Ge.
1139 509 1219 581 IIII:

292 626 403 693 Omnes
420 628 517 711 ipitur
539 627 629 692 dures
645 630 735 691 notre
757 627 804 692 de
903 625 955 690 97.
987 645 1077 708 quoru
1104 625 1187 689 veuit
1213 623 1338 690 etsieeo
1361 627 1421 688 ter-

245 735 366 800 terioris
858 754 930 799 rum
952 732 1036 816 spuit
1057 751 1108 796 ore
1128 731 1229 797 uiator

291 839 388 907 “dede
405 841 481 926 ueri,
502 840 610 906 metior
625 859 722 906 uacuo
740 840 807 906 siue
905 840 957 905 98.
980 839 1091 904 aridus
1113 889 1120 903 .
1144 888 1151 903 .
1174 836 1198 902 .’

245 953 350 1034 repuet
370 949 405 1013 iu
428 945 549 1013 uuiu’'.'

336 1053 401 1120 Suo
430 1055 500 1119 iure
523 1052 703 1120 Columella
732 1077 751 1118 a
780 1053 919 1142 genuina
952 1051 1109 1118 memoria
1141 1050 1323 1136 disgressus
1356 1073 1422 1116 non

248 1163 345 1228 modo
378 1184 530 1227 versuum
563 1160 711 1226 ordinem
748 1161 911 1246 dissolvit,
948 1161 1003 1225 sed
1036 1161 1110 1245 ipsa
1146 1159 1245 1224 verba
1275 1158 1422 1224 mutavit.

248 1269 375 1353 Nempe
414 1291 473 1333 sua
504 1271 678 1353 praecepta
714 1271 831 1353 poetae
862 1267 1012 1334 frustulis
1044 1287 1161 1332 ornare
1193 1287 1261 1332 non
1283 1265 1422 1352 Vergilii

248 1375 444 1442 breviarium
467 1397 661 1460 componere
684 1375 796 1441 voluit.
842 1373 888 1441 Ut
919 1375 1152 1439 sententiarum
1177 1372 1312 1438 conexui
1336 1376 1424 1456 apta-

248 1486 351 1567 retur,
382 1480 522 1568 Vergilii
554 1502 666 1547 versus
705 1481 936 1566 nonagesimus
970 1481 1102 1565 quintus
1134 1483 1264 1564 praeter
1299 1482 1423 1545 ceteros

249 1591 394 1655 mutatus
424 1592 481 1654 est.
526 1587 657 1652 Etenim
680 1587 773 1654 Maro
808 1589 849 1652 ab
882 1589 992 1672 apium
1023 1588 1155 1672 regibus
1189 1585 1354 1670 profectus
1386 1585 1425 1651 de

248 1697 343 1780 plebe
367 1717 482 1760 canere
505 1695 627 1780 eoepit,
650 1691 843 1777 Columella,
872 1699 908 1759 ut
937 1714 1030 1778 reges
1054 1693 1273 1777 descripturus
1297 1713 1425 1757 versum

249 1806 458 1888 proponeret,
497 1823 569 1868 cum
601 1804 706 1866 totam
738 1802 910 1867 verborum
947 1800 1215 1887 compositionem
1249 1801 1425 1864 commuta-

249 1910 313 1994 vit,
343 1913 413 1974 tum
441 1910 476 1974 in
502 1906 643 1993 ‘plebis'
671 1931 691 1972 a
714 1930 772 1973 sua
799 1907 961 1974 sententia
989 1907 1112 1973 alienae
1140 1907 1247 1972 locum
1269 1903 1426 1992 ‘gentem'

251 2017 385 2081 suffecit.

207 2170 210 2176 .
342 2121 420 2186 Pari
443 2121 538 2186 modo
562 2121 596 2186 in
620 2143 749 2186 versum
773 2121 830 2187 Gse.
848 2120 927 2186 IIII.
947 2121 998 2186 70.
1022 2121 1202 2206 spondeum
1224 2117 1340 2204 ‘oubiss
1363 2142 1426 2204 quo

252 2250 362 2294 carere
385 2250 452 2293 non
475 2229 597 2312 potuit,
620 2228 771 2293 illaturus
795 2227 904 2313 ‘lorrpe’
929 2228 1119 2294 adverbium
1142 2229 1244 2293 eiecit.
1291 2226 1428 2312 Scripsit

252 2337 339 2402 enim
360 2359 385 2401 r.
400 2359 424 2402 r.
439 2335 494 2401 IX.
513 2336 543 2421 9,
565 2336 602 2400 4:
627 2335 756 2401 ‘Poterit
767 2337 959 2419 exploratum
970 2336 1081 2418 supera
1088 2336 1291 2418 praesuscere
1312 2355 1426 2418 vesper-

252 2445 327 2510 tiru's
350 2443 534 2528 temporibus
556 2464 665 2508 aurern
687 2443 819 2527 aepulis
841 2444 936 2508 ulceris
963 2443 1158 2509 admovendo.
1193 2442 1343 2525 siquidem
1363 2441 1428 2523 sere

252 2557 323 2617 oute
336 2553 484 2632 triduruu,
506 2572 602 2634 quam
615 2551 804 2634 eruptionem
819 2550 963 2632 foeturae
975 2550 1047 2635 siut,
1069 2551 1150 2616 vetut
1167 2549 1324 2615 militaria
1336 2549 1428 2632 sipuu

252 2659 437 2724 mouentium
465 2659 614 2724 tumuitus
636 2679 673 2725 ae
695 2679 839 2724 murmur
860 2659 1014 2738 exoritur,
1046 2676 1085 2722 eu
1111 2678 1184 2742 quo,
1210 2662 1246 2721 ut
1272 2657 1429 2722 seusina

252 2767 327 2831 dicit
348 2764 517 2847 Vergellus:
546 2763 669 2830 “eorda
691 2765 759 2830 lieet
780 2765 865 2848 vulpi
879 2765 1249 2853 praedecessoresque
1275 2769 1428 2831 morantes

252 2873 393 2938 Martius
419 2873 472 2937 ille
498 2873 581 2938 aeris
607 2873 698 2938 ruuei
724 2893 819 2938 euuor
851 2873 990 2956 increpat
1019 2876 1048 2936 et
1073 2891 1133 2938 uox
1159 2872 1288 2938 auditur
1312 2871 1428 2953 fractos

254 2981 374 3046 souitrrs
395 2980 521 3044 imitatu
543 2975 734 3044 tuburum''.'

344 3084 450 3151 Aliter
462 3085 669 3151 iudicandum
690 3090 741 3151 est
759 3086 797 3150 de
812 3085 960 3150 versibus
975 3083 1032 3150 Ge.
1050 3083 1074 3151 Ι.
1092 3084 1155 3150 195
1174 3087 1207 3149 et
1233 3085 1294 3150 197
1319 3108 1339 3149 a
1352 3083 1442 3150 sib:

255 3192 370 3258 beokio
393 3192 541 3277 prolatis.
573 3189 695 3256 Versus
716 3189 801 3256 enim
821 3191 884 3255 197
900 3190 984 3274 apud
1000 3188 1215 3255 Oolumellam
1229 3190 1280 3254 bis
1299 3188 1429 3275 legitur.

256 3299 294 3363 R.
303 3322 328 3363 r.
338 3297 392 3363 ΙΙΙ.
404 3298 456 3384 10,
468 3300 507 3363 18
519 3297 652 3382 praebet
661 3298 759 3361 verba
770 3318 842 3362 cum
853 3296 1043 3382 Vergiliana
1054 3297 1191 3362 lectione
1202 3297 1430 3382 congruentia:

344 3405 435 3472 ‘Vidi
466 3405 541 3470 lectu
572 3406 628 3470 diu
655 3410 684 3469 et
709 3405 805 3470 mutto
832 3408 965 3487 speetutu
992 3405 1094 3471 iubere
1116 3453 1123 3470 .
1144 3455 1150 3469 .
1170 3402 1189 3468 .'
1215 3439 1252 3450 -
1279 3403 1317 3469 lt
1340 3426 1364 3470 r.
1387 3402 1430 3470 Il.

256 3513 286 3598 9,
310 3514 364 3599 12,
387 3515 545 3598 quantum
569 3510 710 3575 Gessner
733 3508 969 3596 Schneiderque
999 3511 1153 3595 produnt,
1182 3511 1252 3577 sola
1280 3516 1430 3596 excerpta

257 3619 434 3703 Goesiana,
467 3639 549 3703 quae
571 3617 607 3680 in
630 3617 739 3682 codice
764 3616 1036 3703 sangermanensi
1059 3619 1222 3702 nituntur,
1255 3620 1428 3703 genuinam

178 3748 180 3752 ·
256 3726 428 3790 lectionem
452 3728 669 3810 serraverunt,
691 3729 800 3790 cetera
823 3726 1042 3810 manuscripta
1064 3725 1150 3789 inter
1168 3723 1255 3789 ‘cidi’
1275 3729 1308 3790 et
1331 3723 1429 3791 ‘ueta'

256 3833 413 3896 insertum
437 3830 560 3922 babent
582 3853 762 3915 pronomen
786 3831 870 3914 <epae
902 3830 1054 3896 Habeant
1078 3831 1141 3895 sibi
1161 3831 1280 3896 miselli
1303 3831 1429 3896 codices

256 3938 344 4004 istud
368 3935 451 4022 ‘eget
496 3937 666 4023 Equidem,
691 3937 768 4022 quin
791 3941 903 4002 noster
926 3940 1063 4021 utroque
1083 3936 1157 4002 loco
1176 3938 1351 4022 genuinam
1369 3938 1430 4002 lec·

257 4045 380 4111 tionem
394 4041 621 4128 Vergilianum
640 4043 819 4127 tradiderit,
842 4066 909 4108 non
928 4044 1032 4110 habeo
1053 4067 1109 4110 eur
1132 4043 1287 4109 dubitem.
1315 4043 1429 4110 Restat

255 4173 366 4219 versus
389 4150 416 4218 L
439 4150 513 4216 195.
558 4150 710 4234 Legimus
735 4150 820 4233 apud
878 4207 882 4214 .
1095 4217 1097 4222 ,
1295 4214 1297 4218 ,

347 4256 415 4324 001.
434 4281 460 4322 r.
478 4281 503 4323 r.
521 4256 563 4322 Π.
588 4257 638 4341 10,
664 4259 718 4321 11:
959 4255 1057 4342 Verg.
1076 4255 1131 4322 Ge.
1149 4256 1181 4321 I:

302 4365 435 4430 ‘Priscis
464 4369 572 4429 autem
600 4364 729 4430 rusticis
757 4385 817 4428 nec
917 4364 989 4430 193.
1025 4363 1162 4430 ‘semiue
1192 4365 1258 4430 uidi
1292 4368 1429 4449 equidem

258 4473 364 4537 minue
384 4471 532 4556 Vergilio
565 4472 654 4556 prius
687 4494 818 4536 amurca
871 4471 983 4537 multos
1005 4473 1155 4538 medicare
1176 4478 1306 4540 serentes

820 4579 822 4583 ’
1252 4582 1269 4629 4
