3470 5124
718 345 937 411 ,29-

241 525 376 592 nomina
402 523 552 592 attulisse
576 523 655 590 satir
682 523 797 610 habet,
825 547 961 610 quorum
991 545 1089 611 opera
1112 525 1262 590 omnibus
1286 525 1415 591 rusticis

242 633 380 719 legenda
408 653 477 697 esse
505 629 682 697 iudicatffl
727 629 877 697 Ceterum
902 627 1138 715 Poenorum,¹³⁵
1166 628 1417 716 quorundam,¹³⁶

243 763 321 805 suaa
344 739 461 805 aetatis
484 735 752 824 agricolarum,¹³⁷
775 739 980 824 antiquorum
987 734 1037 823 ,¹³³
1060 735 1303 803 Graecorum¹³⁹
1324 739 1415 805 testi-

243 847 359 912 moniis
383 868 418 911 se
441 847 503 911 niti
527 845 681 912 affirmat.
726 843 846 911 Contra
869 846 974 910 maius
996 867 1077 930 opus
1100 867 1173 909 cum
1197 849 1416 930 componeret

241 955 338 1039 plane
365 954 525 1020 diversam
558 953 719 1019 rationem
752 956 881 1018 secutus
914 953 953 1018 da
987 952 1157 1018 arboribus
1188 951 1295 1016 tribus
1322 951 1415 1018 libris

241 1059 318 1144 egit,
341 1059 404 1124 hac
428 1057 638 1144 dispositione
660 1082 753 1125 usus:

330 1165 473 1230 Primum
505 1165 645 1250 Vergilii
678 1166 784 1231 verbis
822 1165 983 1232 ‘hactenus
1014 1187 1160 1232 arvorum
1191 1163 1305 1231 culbu'
1338 1187 1416 1231 usus

242 1272 456 1357 Publiumque
467 1271 627 1339 Silvinum
642 1273 804 1338 allocutus
820 1273 860 1337 ad
878 1273 980 1339 libros
995 1274 1049 1358 qui
1069 1272 1266 1357 praecedunt
1278 1272 1364 1337 redit
1376 1308 1412 1318 —

240 1402 266 1445 r.
284 1402 310 1445 r.
329 1378 380 1443 III
402 1402 472 1464 cap.
498 1380 529 1464 1,
558 1382 700 1460 §1—.
745 1379 869 1445 Deinde
894 1379 1031 1464 Vergilii
1059 1378 1166 1445 verbis
1198 1378 1292 1444 nixus
1322 1379 1416 1444 arbo-

240 1508 313 1550 rum
346 1507 465 1571 genera
498 1486 651 1551 discernit
683 1491 716 1551 et
749 1487 864 1552 vitium
895 1487 1055 1551 culturam
1088 1486 1254 1572 praecipit.
1301 1485 1414 1560 Attici,

241 1591 341 1677 Celsi,
365 1590 515 1658 Graecini
543 1593 720 1658 sententias
749 1593 926 1674 examinat,
955 1593 1086 1678 accipit,
1113 1591 1248 1674 refellit,
1277 1612 1416 1675 quaese

242 1696 463 1783 Silvinumque
486 1721 563 1764 usus
586 1700 741 1786 docuerit,
765 1700 874 1785 affert,
897 1722 978 1785 quae
1001 1701 1070 1783 ipse
1092 1698 1254 1765 invenerit
1277 1696 1416 1763 artificia

240 1808 274 1870 et
297 1805 520 1891 instrumenta,
547 1810 673 1892 narrat,
701 1829 826 1873 errores
850 1807 1003 1891 vulgatos
1026 1806 1208 1892 redarguit,
1236 1828 1255 1870 a
1278 1805 1353 1870 libri
1377 1805 1416 1869 de

241 1912 413 1978 arboribus
437 1915 618 1999 praeceptis
641 1935 873 1999 nonnunquam
897 1910 1095 1978 dissentit¹4⁰
1120 1950 1158 1960 -
1184 1936 1208 1978 r.
1227 1935 1252 1978 r.
1270 1911 1337 1998 III,
1359 1911 1418 1998 IV,

240 2016 384 2084 Vl—‘I
411 2057 461 2086 -.
506 2020 590 2085 Tum
620 2021 709 2087 oleae
737 2022 860 2086 cultum
889 2020 982 2087 docet
1003 2057 1049 2068 -
1072 2044 1096 2085 r.
1121 2018 1234 2087 ava
1259 2020 1333 2084 et9
1361 2043 1416 2102 -3

240 2125 401 2190 rationem
421 2126 653 2209 pomiferarum
673 2128 825 2192 arborum
849 2127 990 2211 explicat
1005 2165 1047 2174 —
1062 2149 1132 2210 cap.
1149 2127 1191 2193 10
1204 2149 1262 2211 -3
1286 2147 1415 2190 omnem

242 2233 406 2297 surculum
430 2233 520 2297 omni
543 2233 652 2298 arbori
675 2234 775 2298 inseri
798 2255 893 2316 posse
914 2233 1116 2298 demonstrat
1142 2269 1178 2279 -
1205 2255 1273 2316 cap.
1297 2235 1335 2296 11
1361 2254 1416 2316 -3

240 2343 438 2422 postremum
462 2340 502 2404 de
525 2339 629 2423 cytiso
653 2341 751 2405 verba
775 2339 918 2403 facit-
943 2361 1009 2424 cap.
1036 2340 1087 2404 12.

332 2445 466 2512 Summa
489 2467 562 2511 cum
585 2447 753 2532 diligentia
775 2450 877 2512 testes
900 2443 1067 2530 laudat,1⁴¹
1090 2444 1243 2531 aequales
1267 2445 1415 2524 maiores,

241 2554 414 2637 scriptores
450 2576 527 2619 usus
561 2553 748 2638 magistros.
802 2551 894 2618 Nihil
931 2553 1068 2637 legimus
1106 2553 1144 2617 de
1176 2551 1323 2638 floribus,
1360 2552 1417 2636 qui

242 2659 367 2726 decimo
390 2660 624 2744 undecimoque
648 2661 741 2725 libris
764 2663 954 2725 tractantur.

329 2765 509 2852 Utramque
524 2767 770 2852 dispositionem
789 2767 844 2851 qui
862 2767 1117 2852 perlustraverit,
1141 2766 1312 2852 intelleget
1330 2767 1415 2832 libro

241 2872 279 2938 de
303 2875 474 2940 arboribus
503 2878 536 2939 et
563 2875 704 2940 breviter
732 2875 864 2939 arbores
892 2873 1027 2939 tractari
1050 2895 1153 2957 neque
1182 2872 1415 2938 sententiarum

240 2984 399 3064 auctores,
422 2985 531 3062 testes,
555 2981 757 3048 adversarios
778 2981 884 3064 citari,
906 2981 1011 3045 tribus
1034 2979 1166 3045 maioris
1191 2981 1296 3064 operis
1321 2978 1415 3044 libris

106 3100 109 3110 '
239 3092 413 3172 praecepta
444 3088 516 3153 fuse
545 3086 689 3153 enarrari
716 3092 751 3152 et
778 3086 921 3172 defendi,
958 3087 1097 3152 aliorum
1135 3088 1312 3151 sententias
1344 3086 1415 3150 dili·

240 3195 356 3276 genter
384 3193 531 3277 probari,
559 3189 776 3278 agricolarum
806 3191 1064 3278 scriptorumque
1088 3193 1259 3258 sententiis
1282 3192 1416 3264 testium

240 3300 375 3365 nomina
398 3299 481 3365 addi

331 3403 429 3472 Cuius
458 3407 505 3472 rei
534 3428 605 3472 cum
632 3428 745 3472 causas
769 3428 972 3492 quaererem,
999 3407 1105 3491 primo
1130 3407 1210 3471 duas
1232 3406 1267 3470 in
1290 3409 1415 3471 contra·

240 3512 306 3576 rias
331 3513 508 3579 sententias
533 3513 708 3578 distractus
731 3535 819 3593 sum,
851 3534 926 3578 mox
950 3514 1087 3578 alteram
1109 3512 1322 3578 refellendam
1345 3534 1415 3578 esse

240 3619 394 3686 intellexi.
430 3618 567 3686 Brevius
591 3621 675 3686 enim
701 3621 783 3686 illud
807 3619 1006 3686 Columellas
1029 3642 1112 3705 opus
1134 3619 1301 3704 rusticum,
1324 3619 1415 3685 cuius

240 3726 398 3791 secundus
421 3727 503 3792 liber
530 3728 705 3794 memoriae
728 3727 868 3793 traditus
892 3732 956 3812 est,
979 3731 1036 3792 aut
1059 3727 1193 3793 maioris
1218 3727 1325 3813 operis
1349 3727 1415 3813 epi-

239 3835 364 3896 tomum
392 3832 444 3899 vel
472 3831 696 3900 aOolumella
728 3857 803 3900 sene
835 3834 889 3900 vel
920 3835 961 3901 ab
995 3835 1061 3900 alio
1090 3835 1230 3919 quodam
1258 3835 1293 3898 in
1321 3857 1416 3900 usum

240 3939 456 4024 agricolarum
493 3941 701 4008 vilicorumve
741 3941 927 4007 litterarum
969 3964 1036 4008 non
1072 3941 1298 4027 imperitorum
1340 3963 1416 4006 cou-

238 4045 357 4111 feotam
391 4049 448 4111 aut
481 4068 501 4111 a
538 4048 652 4113 iurene
685 4049 857 4134 scriptore,
898 4053 1072 4132 antequam
1109 4048 1277 4114 duodecim
1314 4047 1416 4114 libros

239 4153 279 4219 ad
304 4151 463 4219 Silvinum
487 4153 592 4240 misit,
621 4155 836 4239 compositum
861 4176 931 4220 esse
954 4155 1090 4221 iudicari
1116 4159 1235 4240 potest.
1281 4154 1415 4220 Librum

239 4259 278 4326 de
297 4261 468 4326 arboribus
486 4283 527 4327 ue
549 4261 711 4346 epitomae
729 4265 856 4347 partem
875 4284 946 4328 esse
965 4284 1162 4348 censeamus,
1185 4265 1275 4329 vetat
1287 4261 1415 4328 Plinius
1459 4313 1466 4330 .

239 4364 413 4452 Secundus,
436 4367 474 4433 de
498 4389 563 4453 quo
586 4368 702 4434 ultimo
726 4369 832 4452 capite
854 4369 954 4435 verba
977 4369 1123 4435 facturus
1145 4391 1227 4435 sum.
1272 4367 1416 4453 Accedit,

240 4473 325 4558 quod
340 4477 462 4559 auctor,
486 4495 566 4558 quae
586 4475 619 4539 in
639 4475 800 4561 epitomas
819 4476 964 4561 cogenda
986 4498 1057 4543 csse
1083 4478 1244 4561 censebat,
1268 4476 1338 4561 ipse
1358 4499 1415 4540 un-
