3470 5124
763 362 981 425 „57-

377 541 411 591 89
432 535 461 591 Ο.
480 537 502 591 Ι.
520 537 551 592 L.
570 536 604 592 II.
624 534 707 591 multi
725 535 865 591 Moderati
883 533 1072 591 inveniuntur.

375 631 410 681 84
430 625 464 681 91.
484 622 512 680 (1.
532 623 692 681 1.1..V111.
714 631 792 693 1125,
811 631 891 695 11199,
910 631 988 680 3914.

374 719 409 771 99
428 712 463 770 cf.
483 713 512 772 o,
531 713 551 769 1.
570 714 599 770 1..
619 713 679 770 ΧΠ.
699 721 760 784 sos,
779 719 857 770 asae.

374 810 409 859 80
433 804 523 859 Locos
557 803 594 858 ad
627 802 804 859 Moderatum
837 803 1040 875 philosophum
1073 802 1245 873 pertinentes
1280 803 1414 859 collectos
1442 819 1459 856 a

285 892 464 964 Schneidero,
484 893 541 950 Sor.
555 911 578 950 r.
592 910 614 949 r.
629 891 675 949 III.
691 893 779 964 praef.
798 900 823 962 3,
843 893 1002 965 nuperrime
1019 892 1154 964 repetivit
1171 891 1278 948 Dessan
1295 892 1326 946 in
1343 892 1458 962 Pnosop.
1506 935 1508 940 .

284 982 360 1038 land.
379 983 460 1054 parte
479 982 513 1038 11.

374 1078 408 1128 87
427 1072 480 1128 Ith.
499 1072 538 1128 M.
556 1071 694 1127 XXXVII.
714 1077 766 1128 991
776 1091 817 1144 sq.
836 1103 871 1113 -
890 1079 924 1128 88
944 1071 1039 1128 89999.
1059 1074 1146 1128 contr.
1167 1072 1199 1128 X.
1221 1077 1262 1128 19.

374 1166 409 1216 89
429 1161 464 1216 19
483 1159 696 1231 cognominibus
714 1160 745 1216 in
763 1179 781 1217 a
798 1161 992 1218 excidentibus
1006 1159 1188 1233 appellativis
1207 1159 1357 1216 masculini
1375 1174 1459 1229 gene-

285 1251 324 1305 ris
344 1252 403 1320 egit
416 1250 611 1321 Angermann:
630 1250 856 1306 Curtiusstndien
874 1251 907 1304 V.
928 1257 979 1306 979
990 1268 1032 1321 sq.

375 1344 410 1396 90
428 1339 447 1396 l.
466 1338 484 1397 1.
503 1357 531 1409 p.
551 1344 612 1394 989.
632 1371 664 1380 -
684 1345 718 1395 91
738 1339 772 1395 91.
791 1339 947 1396 Mommsen
964 1339 998 1395 It.
1017 1340 1047 1394 E.
1066 1337 1087 1394 Ι.
1106 1345 1141 1394 46
1152 1357 1192 1409 sq.

375 1436 408 1484 99
428 1427 618 1486 9111199199.
637 1430 685 1486 Ill.
704 1433 739 1484 97
758 1431 848 1484 9140.

376 1524 410 1573 93
430 1517 465 1573 cf.
483 1516 588 1573 Donati
611 1517 841 1573 commentarium
869 1519 905 1572 ad
927 1516 1053 1572 Terentii
1079 1514 1291 1586 Phormionem,
1313 1515 1347 1571 H.
1368 1522 1392 1584 1,
1412 1520 1460 1572 5⁷.-

288 1607 403 1661 “‘Bone
418 1609 512 1661 custos
527 1604 613 1673 salve,
633 1607 762 1661 columen
775 1623 840 1662 vero
854 1605 1013 1662 familias.'’
1034 1623 1070 1660 an
1084 1606 1202 1675 culmen,
1222 1607 1370 1660 columna?
1387 1605 1461 1660 unde

287 1677 455 1750 columellae
473 1695 549 1764 apud
568 1696 678 1750 veteres
697 1694 766 1750 dicti
785 1696 858 1752 servi
876 1695 995 1752 maiores
1015 1695 1114 1749 domus
1133 1738 1139 1751 .
1160 1737 1166 1750 .
1187 1695 1206 1752 .’

376 1806 411 1856 94
429 1800 512 1858 Mart.
526 1802 573 1859 XL
588 1807 631 1870 90,
650 1809 675 1857 9.
704 1802 764 1857 Nec
781 1801 943 1858 Martialem
961 1820 979 1858 9
997 1803 1118 1870 Donato,
1136 1817 1188 1856 neo
1202 1801 1344 1856 Donatum
1358 1799 1462 1855 aMar·

285 1889 355 1946 11919
373 1891 495 1960 pendere
513 1908 596 1947 nemo
614 1891 714 1946 nescit.
752 1891 821 1946 Cum
840 1892 875 1946 19
893 1889 1014 1947 19911999
1034 1890 1104 1945 ‘hic’
1124 1889 1309 1958 consentiant,
1327 1905 1401 1944 vana
1419 1889 1462 1943 est

287 1978 419 2035 Salmasii
438 1979 612 2049 coniectura,
639 1997 712 2048 quae
735 1980 764 2036 19
786 1980 887 2036 Basilii
904 1979 989 2035 l'abri
1008 1979 1108 2035 Sorani
1128 1980 1262 2036 thesauro
1281 1994 1299 2032 9
1317 1977 1461 2034 Stuebelio
1553 1973 1556 1979 ’

287 2069 316 2123 91
326 2068 463 2124 Gessnero
477 2085 550 2123 anno
562 2074 640 2124 1149.
654 2069 757 2124 iterum
772 2070 848 2124 edito
862 2071 1006 2140 probatur.
1033 2069 1146 2124 Etenim
1156 2068 1279 2138 elogium
1292 2065 1461 2122 columellae

288 2175 372 2227 supra
390 2157 521 2213 servilem
540 2157 730 2213 conditionem
749 2174 809 2214 esse
832 2161 923 2228 ratus,
948 2158 1080 2214 coniecit:
1106 2156 1214 2213 ‘Lucili
1236 2156 1386 2212 columella
1408 2154 1462 2210 hec

287 2245 355 2301 situ'
376 2247 584 2316 Metrophanes.

377 2341 411 2391 91
430 2335 465 2392 91.
486 2335 638 2392 Schneider
656 2336 715 2393 Sor.
732 2354 754 2392 r.
774 2354 795 2391 r.
814 2336 861 2392 llI.
880 2355 908 2408 p.
928 2342 989 2394 679.

376 2443 492 2498 901199
510 2460 555 2498 me
573 2442 649 2513 fugit
666 2444 778 2500 vetusto
804 2444 834 2499 in
859 2445 956 2500 991199
981 2461 998 2500 9
1024 2443 1106 2500 Petro
1129 2441 1254 2498 Victorio
1278 2441 1405 2497 adhibito
1424 2444 1461 2498 ad

288 2529 460 2587 columellae
478 2531 567 2589 libros
586 2531 678 2588 191199
698 2535 770 2589 19919
789 2532 889 2589 claudi
903 2535 938 2605 (1)
956 2532 1095 2589 Martialis
1119 2531 1263 2587 cniusdam
1283 2548 1352 2603 opus
1372 2549 1460 2587 asser-

286 2622 347 2674 tum
366 2621 459 2678 fuisso.
499 2621 576 2678 Unde
595 2621 716 2692 profecti
733 2623 786 2678 viri
804 2624 882 2680 docti
905 2622 1029 2694 priorum
1056 2622 1232 2678 saeculorum
1251 2621 1371 2691 Gargilii
1389 2621 1461 2677 Mar-

287 2709 365 2764 tialis
384 2727 486 2767 nomen
503 2712 653 2781 legendum
673 2729 731 2767 csse
750 2714 936 2769 coniecerunt.
966 2713 1138 2779 Quibuscum
1156 2710 1225 2766 facit
1238 2709 1303 2766 Keil
1320 2711 1349 2764 in
1368 2711 1461 2765 obser-

287 2798 664 2870 99119911991909199919,
692 2806 760 2855 1849
784 2802 880 2870 editis,
906 2819 971 2873 pag.
990 2808 1015 2858 9.
1053 2800 1137 2856 Cuius
1163 2799 1329 2869 scriptorum
1354 2799 1460 2857 ordinis

287 2889 448 2944 recordatus
467 2889 591 2946 coniciat
608 2889 711 2959 aliquis
729 2892 826 2946 notam
844 2893 969 2946 nostram
992 2892 1092 2946 misere
1112 2891 1273 2959 corruptam
1292 2906 1352 2944 esse
1370 2903 1461 2958 neque

288 2981 415 3047 spectare
435 2978 472 3032 ad
491 2995 560 3049 opus
580 2979 616 3034 91
634 2977 750 3050 Eprium
764 2979 930 3034 Marcellum
948 2980 1078 3049 missum,
1102 2985 1152 3036 sed
1171 2980 1207 3034 ad
1225 2975 1363 3032 Martialis
1381 2994 1461 3048 prae-

287 3069 378 3136 cepta.
416 3065 478 3132 Qua
496 3068 543 3123 via
561 3083 725 3138 progressus
744 3066 820 3122 haud
839 3068 897 3123 9919
917 3087 953 3123 99
971 3068 1102 3123 Barthius
1128 3067 1232 3123 librum
1255 3067 1290 3122 de
1314 3067 1460 3122 arboribus

286 3154 414 3210 Martiali
432 3155 531 3211 deberi
549 3155 714 3226 coniecerit,
739 3155 817 3212 cuius
841 3158 983 3213 sententia
1004 3157 1078 3212 infra
1099 3157 1251 3212 refelletur.
1270 3173 1296 3210 v.
1317 3156 1380 3210 adn.
1401 3160 1460 3210 130.

288 3241 370 3299 Certe
390 3260 456 3299 vero
474 3245 564 3300 nostri
583 3246 637 3300 loci
653 3246 755 3316 Eprius
774 3245 922 3302 Marcellus
940 3245 1012 3302 nihil
1031 3243 1462 3302 99999991919199990199-

280 3332 337 3389 119
355 3334 411 3390 1919
426 3333 557 3389 Martiale
574 3351 665 3404 neque
679 3335 825 3406 habemns,
844 3353 894 3392 cur
911 3339 1008 3393 notam
1027 3336 1062 3391 de
1081 3353 1137 3406 qua
1155 3334 1265 3405 agimus
1283 3336 1343 3389 tam
1360 3334 1461 3389 misere

287 3424 418 3478 99991999
436 3440 498 3480 esse
517 3423 672 3479 credamus.

377 3536 411 3587 97
430 3532 497 3587 Τ99.
517 3529 584 3586 dial.
608 3536 632 3585 8.
670 3532 773 3588 Omnes
797 3533 874 3588 locos
903 3533 940 3588 ad
964 3532 1081 3604 Eprium
1108 3532 1274 3587 Marcellum
1300 3532 1460 3604 spectantes

287 3619 448 3690 nuperrime
467 3619 585 3690 collegit
602 3621 689 3676 Klebs
706 3621 738 3676 in
756 3621 872 3693 Prosop.
890 3622 909 3678 l.
928 3622 983 3679 vol.
1002 3621 1023 3679 1.
1059 3648 1061 3652 .

378 3713 411 3764 98
431 3709 466 3764 91.
485 3706 513 3765 0.
533 3709 555 3766 I.
573 3710 605 3764 1..
625 3709 657 3764 X.
678 3714 756 3766 8858.
776 3742 808 3751 -
828 3717 862 3767 99
882 3711 916 3765 91.
936 3711 1002 3766 Τ99.
1022 3728 1084 3765 ann.
1103 3709 1177 3764 XIII.
1198 3715 1240 3766 98.

378 3801 430 3852 100
448 3799 483 3853 cf.
504 3798 569 3854 Τ99.
589 3817 653 3855 ann.
674 3798 746 3855 XVI.
766 3805 808 3855 98.
829 3831 862 3840 -
883 3804 933 3853 101
954 3799 1164 3855 9109991119.
1184 3798 1280 3856 LXVI.
1300 3804 1342 3854 10.

378 3887 503 3942 10911.
524 3904 589 3957 pag.
608 3893 656 3942 36:
682 3889 731 3943 ‘id
750 3906 816 3945 vero
839 3890 933 3959 potius
953 3887 1038 3942 inerit
1060 3887 1189 3958 ignorare
1209 3889 1244 3942 ad
1263 3889 1351 3943 talem
1369 3887 1461 3942 virum

287 3975 388 4032 canino
407 3974 457 4031 illo
477 3976 571 4031 studio
590 3977 680 4032 bonos
698 3978 859 4033 adlatrandi
876 3976 1071 4047 Thraseacqne
1100 3977 1255 4034 delatorem
1274 3977 1460 4032 Columellam

287 4065 333 4121 vel
352 4064 387 4120 de
405 4063 579 4134 agricultura
596 4065 685 4120 libros
703 4066 835 4122 misisse!

377 4159 428 4209 109
447 4156 482 4210 cf.
501 4171 566 4226 pag.
587 4160 630 4210 80.

300 4305 302 4310 ,
378 4249 430 4300 104
448 4243 532 4315 primi
550 4244 617 4299 libri
634 4244 809 4315 praefatione
833 4245 933 4301 ceteris
956 4245 1102 4299 homInum
1127 4245 1360 4315 occupationibus
1380 4244 1459 4301 Oolu·

287 4334 373 4391 mella
386 4334 564 4404 obtrectavit‚
579 4352 634 4404 quo
649 4334 756 4390 maiore
770 4334 854 4389 lande
869 4333 1082 4390 rusticationem
1095 4334 1226 4390 afficeret.
1261 4334 1460 4404 (1911991199,

287 4424 311 4480 si
333 4425 510 4495 paragrapho
536 4441 611 4481 nona
633 4423 766 4496 legimus:
796 4423 864 4478 ‘Sed
891 4440 926 4480 ne
954 4424 1084 4479 caninum
1113 4423 1240 4493 quidem,
1269 4424 1343 4480 sicut
1365 4425 1461 4479 dixere

287 4515 409 4582 veteres,
437 4513 561 4568 studium
584 4514 774 4584 praestantius
801 4513 1053 4583 locupletissimum
1079 4529 1218 4583 quemque
1246 4513 1405 4569 adlatrandi
1432 4519 1461 4566 et

1261 4602 1301 4655 5*
