3470 5124
734 354 954 418 ‚77-

262 533 356 582 13084
374 529 410 582 de
428 528 457 583 la
475 526 672 602 bibliotheque
695 528 791 598 royale
815 527 849 582 de
867 527 985 584 Munich
1004 546 1055 600 par
1072 527 1110 584 M.
1129 527 1229 584 Victor
1245 525 1348 585 Mortct
1366 545 1435 585 auec

260 635 315 672 une
332 616 523 673 introduction
542 618 576 672 de
594 619 632 673 M.
651 618 722 673 Paul
741 617 878 688 Tannery.
916 617 981 672 Tire
999 618 1048 673 des
1066 617 1181 674 Notices
1200 621 1230 674 et
1247 617 1365 673 extraits
1384 620 1433 674 des

258 705 446 777 manuscripts
466 707 501 762 de
519 707 550 762 la
568 705 763 775 bibliotheque
786 707 929 762 nationale
948 710 977 763 et
995 709 1089 763 autres
1112 707 1334 778 bibliotheques,
1357 710 1433 764 tome

258 795 372 864 XXXV,
391 802 426 850 2Θ
443 796 542 866 partie.
561 793 779 850 MDcccxovl.

347 891 399 940 205
419 884 454 940 cf.
473 883 585 941 Ourtze:
605 884 747 940 Dcutscbe
765 884 1033 956 Litteraruneitung
1053 890 1130 956 1897,
1149 887 1204 942 col.
1223 892 1276 941 414
1284 881 1324 955 sq.

348 997 400 1047 206
419 993 474 1048 hoc
496 1009 582 1046 unum
605 994 788 1062 praeceptum
812 991 934 1062 exempli
955 992 1045 1049 instar
1070 993 1205 1064 exscripsi
1228 993 1325 1049 addito
1350 993 1432 1051 Colu-

257 1081 359 1136 mellae
377 1082 450 1138 loco.
1243 1079 1248 1087 ¹

328 1186 574 1258 MorietTannery
592 1205 659 1258 pag.
678 1193 712 1242 22
724 1205 778 1258 sq:
946 1188 1005 1244 Col.
1023 1207 1046 1246 r.
1065 1208 1087 1246 r.
1101 1187 1135 1244 V.
1150 1195 1175 1261 3,
1195 1194 1273 1259 lsq.r

296 1277 384 1348 ‘Ager
412 1279 456 1333 est
483 1279 583 1349 longus
610 1278 714 1348 pedum
737 1276 819 1346 CXX,
912 1277 990 1334 ‘Esto
1016 1295 1085 1348 ager
1110 1278 1212 1348 longus
1238 1279 1326 1348 pedes
1353 1279 1431 1333 mille

260 1365 335 1421 latus
354 1367 460 1437 pedum¹
476 1367 564 1435 LXX,
583 1367 613 1421 in
631 1384 687 1436 quo
707 1365 819 1422 arbores
873 1367 1023 1436 ducentos,
1046 1368 1121 1422 latus
1144 1367 1230 1437 perles
1248 1365 1327 1422 OXX.
1347 1367 1377 1421 in
1400 1383 1434 1422 00

260 1455 413 1525 dispositae
437 1457 503 1510 sunt
525 1456 598 1511 inter
621 1455 706 1525 pedes
728 1453 763 1522 V;
796 1455 820 1509 si
873 1455 945 1510 vites
960 1456 1149 1526 disponendae
1165 1455 1291 1523 suntita,
1309 1457 1342 1509 ut
1355 1455 1435 1526 quini

260 1544 302 1599 vis
322 1544 392 1600 sciro
409 1561 558 1599 numerum
577 1545 706 1599 arborum
726 1543 818 1616 qui(!)
873 1543 959 1613 pedes
986 1545 1059 1598 inter
1088 1545 1199 1598 ordines
1231 1545 1435 1613 relinquantur.

259 1633 288 1687 in
304 1633 473 1689 coconsitae
493 1637 566 1702 sunt,
585 1651 679 1689 sumas
698 1635 819 1705 longitu-
877 1633 999 1704 Quaero,
1026 1635 1097 1703 quot
1120 1631 1272 1688 seminibus
1290 1641 1365 1704 'opus
1388 1635 1435 1703 sit,

261 1721 334 1776 dinis
361 1726 471 1793 partem
504 1724 645 1794 quintam,
690 1723 744 1779 hoc
777 1725 824 1778 cst
876 1740 939 1778 cum
967 1723 1082 1792 quinum
1110 1721 1214 1793 pedum
1242 1723 1336 1793 spatia
1362 1723 1436 1780 inter

261 1810 374 1881 XXIIII,
388 1811 821 1883 similiteretlatitudinisquin-
876 1813 983 1867 semina
1010 1811 1215 1866 desiderantur.
1255 1805 1333 1866 Duco
1357 1812 1437 1880 quiu-

260 1901 461 1971 campartem,
485 1903 560 1970 quor
587 1900 822 1956 111110000-
875 1904 934 1956 um
942 1905 1053 1972 partem
1062 1899 1257 1971 longitudinis,
1265 1900 1435 1958 fiunrocxu
1529 1885 1533 1894 ‘

260 1989 320 2044 cias
339 2006 413 2046 asses
432 1991 567 2061 singulas,
586 1992 618 2045 ut
631 1991 702 2044 fiant
719 1989 823 2060 viginti
876 1993 906 2045 et
923 1992 1051 2060 quintam
1070 1994 1180 2061 partem
1194 1988 1362 2060 latitudinis,
1381 1993 1436 2046 boc

261 2075 385 2145 quinque
400 2080 429 2133 et
443 2078 611 2146 quindecim.
635 2079 820 2134 Dehincmul·
876 2082 921 2134 est
942 2079 1055 2135 XXIIII.
1085 2079 1129 2135 bis
1161 2079 1287 2148 utrisque
1320 2081 1436 2135 summis

259 2165 372 2235 tiplices
395 2165 576 2222 latitudinem
602 2184 653 2236 por
664 2166 821 2237 *longitudi
876 2184 986 2238 semper
1004 2167 1159 2237 singulares
1174 2183 1250 2223 asses
1268 2168 1368 2238 adicio,
1387 2169 1436 2238 qui

261 2271 326 2309 nem
347 2255 407 2311 sive
426 2255 633 2326 longitudinem
654 2272 706 2326 per
723 2257 821 2312 latitu—
876 2257 1001 2312 efficiunt
1014 2259 1151 2312 extremos
1167 2255 1286 2325 ordinas,
1305 2275 1374 2325 quos
1388 2273 1436 2312 vo·

262 2343 368 2399 dincmr
391 2344 552 2414 quindecies
575 2345 649 2399 euim
667 2344 743 2398 XXV
764 2346 821 2399 sive
876 2348 943 2401 cant
975 2345 1133 2417 angulares.
1183 2346 1230 2400 sit
1257 2362 1323 2414 ergo
1347 2345 1437 2400 altera

261 2433 348 2489 vicies
366 2434 514 2504 quinquies
529 2435 580 2490 XV
594 2433 702 2490 faciunt
715 2437 821 2490 trecen·
877 2453 985 2491 summa
1025 2436 1208 2492 ducentorum
1250 2433 1437 2505 quadraginta

261 2524 306 2577 tos
321 2523 501 2594 septuaginta
519 2525 649 2593 quinque.
684 2524 739 2580 Tot
757 2526 823 2580 sunt
876 2526 966 2594 unius,
985 2525 1076 2580 altera
1093 2523 1196 2593 viginti
1214 2525 1345 2593 quinque.
1377 2523 1436 2578 Has

262 2613 337 2667 euim
347 2613 460 2669 arbores
471 2614 542 2668 sitae
551 2614 582 2669 in
590 2630 658 2684 agro
671 2615 819 2684 predicto!
876 2631 997 2670 summas
1011 2615 1051 2670 sio
1064 2612 1267 2684 multiplicato:
1287 2611 1436 2682 quinquies

861 2707 905 2760 -et
932 2704 1020 2760 vicies
1052 2703 1153 2760 duceni
1181 2701 1354 2774 quadrageni
1381 2700 1436 2756 sin·

877 2793 937 2863 guli
968 2794 1039 2848 fiunt
1071 2809 1119 2848 sex
1150 2793 1241 2848 millia
1273 2793 1302 2846 et
1332 2789 1437 2861 viginti

876 2881 1019 2950 quinque!

353 2973 404 3024 201
424 2969 443 3024 l.
461 2970 480 3025 l.
500 2971 553 3025 col.
573 2975 634 3028 415.
649 3001 683 3010 -
703 2977 755 3026 208
775 2971 891 3027 Cantor:
910 2970 1104 3040 Vorlesungen
1121 2970 1191 3026 tiber
1205 2968 1373 3026 Geschichte
1388 2969 1438 3024 der

262 3055 458 3126 Mathematik‚
477 3058 595 3128 Leipzig
615 3065 692 3128 1894,
712 3060 766 3115 vol.
786 3059 806 3116 I.
825 3077 891 3130 pag.
910 3065 961 3116 000
973 3077 1014 3129 sq.

355 3151 406 3202 200
426 3147 460 3204 ci.
476 3164 497 3201 r.
512 3165 533 3201 r.
548 3149 569 3201 Ι.
584 3148 671 3217 praei.
681 3153 728 3202 22:
749 3148 885 3204 ‘siderum
904 3151 980 3204 ortus
1000 3151 1028 3204 et
1042 3164 1157 3202 occasus
1171 3147 1306 3203 memoria
1319 3148 1438 3216 repetat,

262 3250 299 3288 ne
314 3234 449 3291 imbribus
459 3235 607 3304 ventisque
621 3235 831 3292 imminentibus
846 3253 932 3307 opera
945 3237 1059 3293 inchoet
1072 3237 1252 3305 laboremque
1266 3235 1435 3291 frustretur!

352 3329 403 3378 210
423 3324 457 3381 cf.
476 3325 549 3380 Plin.
567 3343 593 3380 n.
613 3326 640 3381 h.
659 3324 760 3383 XVIII.
780 3330 840 3382 211.
861 3357 895 3368 -—
914 3332 965 3382 211
986 3327 1021 3384 cf.
1041 3327 1099 3382 001.
1119 3344 1141 3382 r.
1162 3346 1182 3381 r.
1201 3325 1248 3380 IX.
1269 3330 1311 3393 14,
1331 3330 1373 3380 12.

351 3418 403 3467 212
423 3413 644 3469 Grammaticum
664 3430 727 3469 eum
742 3414 828 3470 fuisse
843 3417 922 3471 locus
936 3415 1082 3472 (lollianus
1096 3416 1169 3473 noct.
1186 3415 1238 3470 att.
1254 3415 1287 3468 V.
1302 3419 1337 3469 20
1351 3414 1434 3470 (10000

265 3500 462 3559 ‘soloecismus
481 3502 570 3558 latino
589 3502 729 3558 vocabulo
748 3520 766 3558 a
785 3503 882 3559 Sinnio
896 3503 1032 3574 Capitone
1051 3505 1231 3572 eiusdemque
1250 3502 1353 3558 aetatis
1372 3502 1436 3558 aliis

263 3588 432 3660 imparilitas
451 3592 620 3663 appellatus,
638 3591 839 3648 vetustIoribus
854 3592 961 3648 Latinis
977 3591 1117 3664 stribiligo
1132 3591 1278 3648 ‹ltcebatur
1292 3609 1309 3646 a
1323 3608 1438 3648 versura

262 3676 397 3734 videlicet
415 3682 444 3735 et
461 3681 602 3751 pravitate
620 3683 763 3738 tortuosae
782 3681 918 3738 orationis
942 3686 1076 3752 tanquam
1097 3680 1268 3751 ‘strobiligo’
1289 3682 1436 3748 quasdam.

264 3766 345 3832 Quod
363 3767 463 3823 vitium
483 3768 596 3824 Sinnius
614 3769 715 3839 Capito
733 3769 763 3824 in
782 3771 897 3839 litteris,
916 3788 985 3840 quas
1010 3770 1047 3825 ad
1066 3770 1194 3826 Clodium
1211 3769 1331 3824 Ibscum
1350 3770 1436 3838 dedit,

264 3855 341 3910 hisce
359 3856 453 3922 verbis
472 3857 582 3912 definit:
610 3857 796 3913 soloecismus
815 3860 870 3928 est,
895 3859 1002 3928 inquit,
1026 3857 1117 3929 impar
1135 3859 1221 3928 atque
1238 3858 1436 3914 inconveniens

265 3941 455 4012 compositura
473 3943 596 4014 partium
615 3945 770 4002 orationis!

353 4033 398 4086 Ad
416 4034 535 4088 eundem
560 4025 701 4102 pertinere
726 4035 857 4090 videntur
883 4034 972 4091 Servii
998 4033 1055 4090 loci
1073 4035 1108 4089 ad
1126 4034 1195 4091 Aen.
1216 4035 1235 4092 L
1256 4041 1299 4106 02,
1318 4034 1435 4103 1⁷6311.

263 4127 328 4192 000,
347 4122 406 4176 ΧΠ.
427 4128 487 4179 aar.

352 4216 405 4266 213
423 4211 534 4266 loannis
552 4209 696 4266 Laurentii
719 4211 790 4280 Lydi
812 4213 884 4266 liber
907 4213 942 4268 de
966 4214 1083 4268 ostentis
1107 4232 1140 4268 cx
1165 4213 1307 4270 codicibus
1330 4213 1436 4269 italicis

264 4302 363 4357 auctus
378 4303 407 4357 ct
421 4301 581 4355 calendaria
595 4316 696 4370 graeca
710 4300 816 4368 omnia3
831 4301 873 4356 ed.
884 4302 913 4358 (l.
924 4300 1110 4357 Wachsmuth
1126 4307 1203 4372 1803,
1218 4319 1281 4373 pag.
1298 4303 1435 4358 XXXVII.

352 4411 406 4461 214
425 4407 458 4462 cf.
482 4407 502 4462 I.
525 4425 551 4462 v.
575 4406 690 4463 Miller:
718 4408 877 4463 Handbuch
904 4409 954 4463 der
976 4407 1148 4465 blaesischen
1165 4409 1434 4467 Altertumswissen-

264 4497 356 4551 schalt
375 4495 414 4565 1¹,
432 4513 498 4566 pag.
517 4503 578 4554 801.
