3470 5124
749 338 968 405 ..33...

359 518 398 583 de
422 518 604 583 arboribus:
975 542 1001 586 r.
1024 542 1062 584 r.:

268 626 396 691 labetur
442 626 489 690 rei
529 627 670 690 rusticae.
723 624 833 691 Placet
885 631 936 691 est.
982 627 1108 692 Earum
1129 627 1240 708 species
1262 629 1399 694 diuersae
1415 631 1445 694 et

268 735 373 817 icitur,
391 734 471 798 sicut
490 732 630 816 Verailio,
652 731 740 797 uobis
757 753 830 814 quo-
884 733 1089 814 multiformes
1113 738 1197 818 suut,
1225 736 1335 818 quippe
1361 737 1444 800 uarii
1553 733 1555 742 ⁴

267 861 324 924 que
344 841 405 906 duo
423 860 485 904 esse
499 859 613 922 ymera
627 839 830 923 surculorum,
880 840 1103 924 certerismicut
1115 845 1221 906 arector
1234 843 1314 906 idem
1327 842 1445 927 refert),

267 967 396 1030 quorum
421 947 553 1011 alterum
574 965 633 1010 sua
656 951 761 1028 moute
779 947 828 1029 yi—
883 945 1004 1012 “mullis
1057 946 1217 1012 homiuum
1275 949 1444 1030 coymtclus

264 1055 383 1138 quitur,
406 1055 538 1118 alterum
555 1072 631 1116 cura
648 1053 829 1116 mortalium
881 1053 967 1135 ipsae
984 1059 1088 1136 sperate
1105 1074 1165 1120 sua
1177 1053 1345 1132 omiuut';
1365 1055 1443 1120 mul-

258 1162 407 1246 ,procedit
451 1160 554 1244 Illud,
582 1160 663 1242 quod
683 1179 746 1224 aaa
774 1179 829 1242 ope
882 1164 931 1225 tac
959 1161 1055 1226 etiam
1087 1166 1196 1226 nostra
1226 1182 1323 1226 mauu
1359 1166 1445 1226 satae

266 1267 406 1334 lcumaua
422 1266 579 1350 prouenit,
610 1266 759 1330 materiae
786 1270 830 1331 est
878 1269 1055 1350 procedunt.
1102 1266 1165 1334 Sed
1192 1289 1270 1350 quae
1296 1289 1360 1333 uou
1391 1288 1445 1352 ope

266 1376 367 1459 mayis
384 1379 500 1458 aptum,
523 1373 574 1438 eui
597 1371 683 1437 labor
705 1371 827 1437 adhibe-
881 1373 1019 1440 dumaua
1039 1377 1210 1459 aiquuutur
1236 1375 1385 1440 silvestres
1407 1394 1444 1438 ac

267 1487 326 1554 tur,
349 1482 493 1547 idoneum
513 1479 671 1560 fructibus.
708 1478 757 1543 De
774 1479 829 1544 hoa
880 1479 978 1560 ferae,
1008 1481 1061 1544 sui
1087 1482 1232 1564 cuiusque
1258 1481 1376 1564 iuqeaii
1398 1501 1442 1545 se-

266 1589 369 1670 itaque
376 1582 670 1670 praeeipimdum168
681 1589 726 1651 est
737 1591 829 1668 atque
882 1587 970 1651 mirra
989 1591 1110 1669 yeruut.
1157 1588 1204 1652 At
1224 1587 1334 1668 aazias
1357 1587 1444 1652 labor

267 1695 302 1760 id
323 1695 427 1777 ipsum
446 1712 544 1776 aeuus
571 1693 727 1776 tripartito
750 1693 829 1758 diui·
882 1693 1052 1777 adicietur,
1070 1695 1169 1777 mayis
1183 1699 1274 1776 cartae
1286 1698 1360 1758 suut
1374 1693 1444 1774 fru-

266 1803 360 1881 ditur,
382 1820 459 1866 uam
476 1821 514 1866 ea
533 1799 656 1865 surculo
674 1799 721 1864 uel
737 1799 830 1864 arbor
879 1801 978 1883 ydus.
1020 1800 1070 1865 De
1083 1821 1116 1866 eo
1129 1801 1445 1884 iciturpriusymere

264 1897 411 1992 procedit,
433 1912 470 1973 ut
491 1907 675 1992 aicadrus,
696 1904 830 1987 aelfru-
882 1897 1042 1973 diceudum
1073 1912 1130 1987 est,
1161 1909 1243 1989 quod
1272 1907 1359 1972 uobis
1387 1907 1445 1972 ali-

266 2021 325 2095 ter,
346 2019 383 2080 ut
399 2034 495 2098 rosae,
517 2015 687 2079 aruudiues
708 2012 755 2078 vel
772 2017 828 2077 ter-
883 2019 985 2079 meuta
1001 2014 1134 2097 praebet.
1176 2013 1275 2095 quue
1289 2013 1444 2094 trr'pdrtito

267 2123 345 2186 tium
358 2123 516 2204 quiddam,
534 2122 616 2204 quod
631 2140 727 2202 aeque
744 2119 831 2184 arlo-
883 2121 1042 2186 diuiditur.
1088 2120 1175 2184 Nam
1197 2141 1235 2184 ea
1256 2120 1380 2184 surculo
1398 2120 1445 2184 ael

265 2247 330 2292 rem
374 2249 470 2310 meque
516 2227 662 2308 fruticem
702 2226 829 2308 proprie
882 2227 974 2292 arbor
978 2227 1124 2309 procedit,
1137 2227 1261 2309 utolea,
1272 2227 1319 2291 ael
1330 2227 1444 2309 fruteta,

265 2335 445 2419 dixerimus,
464 2335 558 2400 sicuti
572 2333 707 2398 estoitis.
730 2331 828 2409 Arbo-
881 2339 919 2399 ut
938 2329 1087 2398 cauua¹⁶⁶
1109 2333 1286 2414 campestris
1313 2333 1360 2396 ael
1385 2335 1443 2396 ter-

265 2463 337 2506 rum
359 2446 387 2507 et
407 2441 558 2523 fruticum
580 2438 751 2504 docebimus
767 2439 829 2505 cul-
883 2442 961 2506 tium
984 2439 1146 2523 quiddam,
1173 2440 1255 2521 quod
1279 2459 1334 2502 uec
1356 2439 1444 2503 arbo-

267 2553 345 2632 tum,
373 2551 403 2613 si
423 2549 517 2631 prius
544 2549 580 2612 de
607 2546 720 2612 ritibus
737 2567 828 2629 prae-
882 2569 948 2613 rem
969 2567 1024 2612 aea
1047 2546 1193 2627 fruticem
1209 2547 1338 2629 proprie
1360 2547 1442 2611 dirre-

267 2655 442 2736 ccperimus.
878 2657 950 2734 rim,
972 2659 1009 2719 at
1029 2659 1073 2719 est
1094 2653 1175 2718 uitis.

922 2762 995 2841 §3
1046 2757 1158 2824 Haua’
1193 2756 1334 2846 (vitem)
1372 2758 1444 2824 ‘uos

879 2868 984 2932 ceteris
1011 2867 1160 2949 stirpibus
1186 2866 1255 2931 iure
1274 2867 1441 2949 praeponi-

878 2993 948 3038 mus
978 2993 1042 3037 uou
1075 2975 1198 3037 tautum
1225 2973 1347 3054 fructus
1374 2972 1441 3037 dul-

878 3080 981 3144 ecdiue
1002 3080 1057 3142 scd
1083 3080 1176 3143 etiam
1196 3078 1361 3160 facilitate,
1382 3101 1442 3162 per

877 3205 973 3266 quam
1011 3187 1097 3249 omui
1126 3205 1227 3266 paeue
1262 3187 1383 3268 reyioue
1414 3191 1443 3251 et

878 3292 963 3356 omui
984 3290 1185 3355 dccliuatioue
1207 3293 1318 3356 muudi
1339 3347 1346 3360 .
1372 3339 1380 3356 .
1404 3341 1439 3358 ..

877 3418 970 3462 carae
995 3396 1175 3462 mortalium
1202 3399 1362 3480 respondet
1379 3449 1386 3462 .
1405 3447 1413 3463 .
1433 3449 1441 3463 .

924 3505 984 3584 54.
1011 3502 1118 3584 Refert
1128 3508 1239 3588 tamea,
1253 3507 1341 3570 errius
1351 3526 1438 3588 acue-

877 3613 923 3676 ris
955 3615 1012 3676 aut
1037 3631 1096 3693 quo
1123 3610 1231 3675 habita
1261 3613 1353 3677 uitem
1376 3633 1436 3696 pro

876 3718 1010 3801 reaiouis
1032 3721 1116 3781 statu
1133 3717 1227 3782 colere
1244 3737 1367 3782 eeuseas
1385 3769 1393 3784 .
1408 3769 1414 3781 .
1431 3767 1438 3782 .

877 3825 952 3904 §8-
996 3823 1044 3888 At
1069 3823 1099 3886 si
1124 3828 1190 3887 uoto
1219 3827 1264 3888 est
1285 3824 1440 3905 eliamdus

876 3931 976 3995 uineis
994 3929 1076 3994 locus
1092 3932 1122 3992 et
1137 3933 1237 3992 slatus
1255 3928 1344 4012 caeli,
1361 3929 1440 3993 sieut

877 4039 976 4100 causet
990 4034 1145 4099 uerissime
1160 4031 1273 4118 Celsus,
1291 4035 1439 4116 optimum

877 4143 977 4206 solum
1007 4192 1013 4204 .
1038 4189 1076 4204 ..
1121 4140 1323 4219 §9stm0do
1346 4143 1439 4206 eredi-

877 4267 946 4312 mus
960 4245 1092 4328 Verailio
1106 4247 1233 4312 dicenti:
1249 4245 1369 4313 “Salsa
1381 4268 1438 4312 au-

878 4360 937 4418 tem
960 4353 1048 4418 tellus
1067 4402 1074 4416 .
1093 4401 1101 4418 .
1121 4350 1152 4417 .''

923 4483 991 4546 cap.
1022 4461 1052 4525 2.
1118 4460 1196 4526 Vitis
1243 4466 1346 4525 auum
1394 4461 1440 4526 uel

1263 4569 1279 4616 3
