3470 5124
792 361 1012 430 ,53-

315 541 466 608 Litterati
489 563 566 609 vero
591 541 631 607 ad
655 540 892 626 disputationes
921 542 1115 607 lectitandos
1144 539 1224 605 satis
1253 539 1342 606 docti
1368 540 1490 606 rustica

314 652 489 735 praecepta
525 648 633 715 studio
669 669 735 713 non
772 647 872 735 digna
909 648 1134 714 aestimabant.
1192 645 1320 712 Saecnli
1357 647 1488 732 ingenio

315 756 486 822 obsecutus
509 753 677 821 Palladius
709 755 821 820 omnia
851 756 984 841 negotia
1015 755 1050 819 in
1082 755 1230 839 singulos
1259 753 1336 819 anni
1363 774 1489 819 menses

315 863 487 948 dispertita
509 861 679 928 duodecim
702 861 796 927 libris
818 861 1001 947 descripsit
1037 860 1191 926 Imitatus
1210 882 1287 947 ergo
1311 864 1363 925 est
1385 883 1489 926 exem·

313 971 404 1056 plum
428 993 449 1035 a
471 968 653 1035 Columella
675 970 747 1054 ipso
770 970 874 1034 altero
906 968 1068 1034 undecimi
1098 968 1176 1032 libri
1198 968 1305 1051 capite
1329 970 1488 1032 statutum

312 1078 371 1143 illo
402 1080 532 1143 tantum
562 1075 746 1141 discrimine
776 1076 986 1160 interposito,
1018 1075 1104 1161 quod
1126 1073 1309 1140 Columella
1335 1073 1372 1138 in
1394 1095 1488 1138 usum

313 1183 402 1249 vilici
426 1185 521 1268 servi,
544 1181 712 1247 Palladius
735 1181 771 1246 in
792 1182 888 1246 liberi
911 1181 1035 1248 domini
1057 1203 1151 1246 usum
1175 1181 1377 1266 singulorum
1400 1201 1488 1245 men-

316 1290 400 1355 sium
423 1311 522 1376 opera
543 1289 668 1354 rustica
691 1288 779 1355 omni
803 1288 987 1354 litterarum
1010 1291 1128 1354 ornatu
1151 1288 1298 1354 detracto
1322 1308 1489 1352 enumera·

313 1396 371 1461 vib.
423 1393 564 1461 Palladii
596 1395 826 1480 explanatione
855 1395 956 1461 libros
988 1393 1189 1461 Columellas
1221 1393 1388 1460 obsoletos
1419 1415 1488 1459 esse

315 1500 517 1568 Cassiodorii
553 1502 626 1587 ipsa
662 1502 761 1567 verba
793 1501 1026 1566 demonstrant
1078 1499 1153 1585 Ipse
1186 1522 1264 1565 sane
1295 1501 1389 1566 novit
1419 1501 1487 1565 eins

312 1609 480 1675 volumina
499 1606 736 1695 Cassiodorius,
758 1608 808 1673 vir
826 1608 985 1692 plurimae
1004 1607 1153 1673 lectionis
1172 1610 1269 1692 atque
1288 1607 1489 1673 eruditionis.

315 1715 434 1782 Utrum
464 1737 541 1782 vero
569 1714 789 1780 Benedictinis
820 1715 987 1782 monachis
1016 1712 1218 1779 Columellas
1246 1712 1390 1780 codicem
1417 1714 1490 1779 rali-

313 1825 420 1910 querit
438 1845 538 1889 necne
556 1822 727 1887 nescimus.
756 1821 803 1887 Ut
821 1821 907 1886 enim
926 1822 1040 1887 laudat
1056 1822 1162 1887 nostri
1176 1821 1373 1908 elegantiam
1392 1824 1487 1906 atque

314 1931 498 1998 facundiam
523 1929 695 2014 operisque
715 1929 784 1994 eius
804 1928 967 1995 studiosos
986 1951 1052 1994 non
1072 1928 1178 1994 solum
1197 1929 1360 1994 communi
1382 1929 1488 1994 fructu

315 2036 371 2103 sed
404 2037 502 2102 etiam
535 2035 730 2122 gratissimis
762 2036 868 2121 epulis
901 2037 1023 2121 expleri
1054 2036 1233 2121 praedicat,
1270 2037 1318 2101 ita
1350 2035 1487 2101 Palladii

315 2145 417 2211 solius
442 2143 562 2209 codicis
581 2142 777 2209 mentionem
795 2143 884 2210 facit
921 2143 1023 2228 Adde,
1047 2144 1131 2228 quod
1151 2143 1186 2207 in
1205 2141 1487 2209 Benedictinorum

316 2251 515 2318 monasteria
538 2254 608 2316 tum
632 2249 779 2337 confugit
806 2251 1002 2335 scriptorum
1029 2255 1173 2315 veterum
1203 2251 1367 2316 memoria.
1413 2249 1488 2315 Cas·

317 2359 452 2426 siodorii
475 2358 709 2424 monasterium
732 2361 862 2441 praeter
886 2361 993 2423 cetera
1016 2357 1163 2422 floruisse
1182 2357 1359 2423 recordare.
1395 2354 1489 2422 Colu-

314 2467 428 2532 mellae
475 2465 577 2529 libros
618 2464 782 2530 oblivione
828 2463 895 2529 fere
937 2463 1072 2529 obrutos
1112 2463 1215 2530 fuisse
1254 2466 1366 2549 patere
1407 2463 1488 2529 mihi

316 2568 503 2638 vicetiam

404 2677 533 2762 Restat,
561 2680 597 2742 ut
620 2677 659 2741 de
681 2698 816 2742 numero
840 2674 1040 2743 Columellas
1063 2678 1266 2743 voluminum
1290 2701 1310 2744 a
1333 2676 1488 2743 Senators

311 2785 433 2851 tradito
454 2805 558 2868 pauca
577 2783 701 2848 addam.
738 2781 890 2868 Legimus
910 2783 1010 2848 enim:
1034 2780 1108 2849 ‘Sed
1128 2783 1309 2851 Columella
1328 2785 1487 2850 sexdecim

311 2892 406 2957 libris
428 2913 486 2976 per
513 2890 656 2955 diversas
685 2889 901 2975 agriculturae
930 2890 1052 2975 species
1082 2891 1236 2977 eloquens
1264 2913 1302 2957 ac
1328 2890 1487 2956 facundus

311 2995 485 3064 illabitur.'
530 2996 583 3061 An
616 2994 840 3062 Cassiodorius
872 3019 906 3062 re
939 3019 1017 3064 vera
1048 2997 1129 3063 XVI
1152 2997 1351 3064 Columellas
1384 2985 1487 3064 libros

312 3104 415 3191 legit?
452 3103 546 3190 ‘Ipse
564 3107 677 3169 auctor
700 3125 734 3169 se
754 3104 908 3169 adversus
932 3104 1116 3190 astrologos
1140 3105 1241 3171 libros
1265 3105 1487 3190 composuisse

312 3206 584 3278 commemorat.²4
637 3209 791 3277 Forsitan
825 3233 936 3276 eorum
974 3212 1138 3296 exemplar
1171 3212 1212 3276 ad
1245 3209 1487 3278 Cassiodorium

311 3317 513 3403 pervenerit?
569 3315 616 3380 At
653 3316 691 3382 de
732 3316 824 3382 libris
867 3317 907 3382 ad
947 3339 1016 3382 rem
1052 3319 1209 3384 rusticam
1249 3318 1488 3404 pertinentibus

312 3424 458 3508 quaestio
489 3426 547 3488 est.
593 3421 732 3488 ‘Prioris
763 3443 840 3508 ergo
868 3422 984 3488 rustici
1012 3424 1119 3508 operis
1148 3447 1167 3488 a
1195 3421 1376 3490 Columella
1404 3446 1489 3491 com·

311 3530 411 3615 positi
452 3532 605 3613 quattuor
640 3528 717 3594 libri
751 3526 901 3594 Senatori
937 3530 1009 3596 noti
1045 3530 1198 3596 fuerunt?
1248 3529 1294 3595 Aa
1327 3533 1488 3615 expressis

313 3636 419 3702 verbis
459 3635 565 3700 solum
607 3633 646 3699 de
688 3634 858 3700 arboribus
900 3636 1020 3701 librum
1061 3658 1119 3720 per
1160 3638 1294 3712 saecula,
1328 3636 1487 3703 mansisse

313 3765 412 3827 supra
449 3742 604 3807 enarravi.
663 3740 884 3808 Librariorum
921 3764 1030 3808 errore
1062 3766 1100 3807 ex
1132 3741 1212 3808 XIII
1243 3766 1378 3810 numero
1407 3744 1487 3810 XVI

311 3849 416 3916 factus
441 3870 511 3914 esse
539 3847 620 3913 mihi
647 3848 782 3914 videtur.
828 3848 926 3914 Facio
956 3870 1034 3935 ergo
1062 3872 1134 3915 cum
1164 3848 1335 3935 Teuffelio‚
1368 3849 1487 3916 Soban-

312 3956 376 4042 ai0‚
408 3955 482 4021 aliis
521 3977 587 4020 non
625 3977 697 4021 cum
726 3954 876 4022 Fabricio
910 3956 1087 4041 ceterisque
1118 3957 1265 4042 priorum
1303 3960 1487 4041 temporum

312 4063 391 4128 viris
430 4060 551 4146 doctis,
588 4062 643 4145 qui
678 4061 760 4126 alius
798 4061 861 4127 alio
895 4062 990 4128 modo
1029 4063 1069 4128 ad
1101 4063 1256 4129 tredecim
1287 4061 1486 4129 Columellas

311 4169 416 4235 libros
445 4168 620 4234 memoriae
652 4167 790 4234 traditos
823 4168 924 4234 libros
960 4169 1188 4235 adnumeratos
1220 4169 1385 4255 volebant,
1418 4169 1486 4256 qui·

312 4276 372 4340 bus
412 4277 469 4339 aut
501 4274 539 4339 de
571 4295 606 4339 re
642 4273 764 4339 rustica
797 4277 853 4339 aut
885 4274 924 4339 de
957 4275 1135 4361 astrologia
1168 4276 1266 4342 verba
1298 4275 1386 4342 facta
1418 4298 1487 4341 esse

312 4380 497 4446 censebant.

400 4486 609 4552 Pervenimus
633 4487 673 4551 ad
697 4489 776 4552 fines
799 4491 992 4572 temporum,
1017 4487 1133 4572 quibus
1157 4489 1283 4555 codices
1306 4489 1402 4554 nobis
1421 4492 1485 4554 tra-
