3470 5124
770 372 807 382 ..
857 332 989 400 56-.

383 514 502 580 Exstat
519 517 599 578 nota
617 513 834 598 etymologica
852 512 886 576 in
905 509 1105 577 Columellas
1122 510 1208 576 libro
1223 510 1280 576 VI.
1294 510 1466 596 Memento,

297 643 432 708 quaero,
455 620 574 687 ordinis
598 620 771 703 librorum,
795 640 890 703 quem
913 617 1037 684 codices
1061 617 1274 703 manuscripti
1297 619 1467 704 praebentt

295 729 392 793 Liber
416 729 453 793 de
478 728 647 793 arboribus
671 727 758 791 intra
781 725 956 790 secundum
979 725 1177 809 tertiumque
1200 723 1302 790 libros
1324 725 1466 790 insertus

297 840 355 919 cst,
379 839 416 900 ut
437 856 537 900 uuum
561 855 642 919 opus
662 831 817 898 tredecim
837 831 993 898 librorum
1017 834 1143 896 exstare
1162 830 1317 897 videatur.
1353 831 1467 916 ltaque
1546 878 1549 882 -

297 941 429 1008 maioris
453 941 561 1024 operis
584 940 667 1006 liber
689 939 745 1006 VI.
768 938 870 1004 totius
894 937 1038 1023 corporis
1061 936 1145 1002 liber
1162 935 1237 1002 Vll.
1259 940 1318 1001 est.
1350 936 1469 1003 Verisi-

297 1048 373 1113 mile
398 1069 474 1133 ergo
500 1051 563 1131 est,
586 1048 710 1112 utiam
735 1045 929 1112 scholiastae
957 1043 1156 1129 temporibus
1179 1042 1263 1108 liber
1286 1044 1324 1108 de
1348 1043 1469 1110 arbori-

296 1155 358 1219 bus
382 1152 468 1218 inter
492 1151 625 1218 maioris
650 1151 756 1237 operis
776 1151 943 1216 volumina
961 1150 1136 1237 irrepserit,
1159 1150 1335 1236 deperditis
1354 1150 1468 1216 ceteris

296 1260 414 1346 prioris
439 1259 545 1344 operis
569 1253 841 1325 voluminibus.⁹⁴³
876 1256 948 1323 Hoc
966 1259 1049 1345 loco,
1072 1258 1128 1342 qui
1145 1257 1268 1323 factum
1288 1256 1338 1339 sit,
1361 1261 1399 1324 ut
1416 1258 1470 1322 hic

298 1367 388 1432 solus
412 1365 529 1451 prioris
553 1365 659 1450 operis
678 1365 760 1430 liber
779 1365 953 1431 memoriae
971 1364 1171 1450 proderetur,
1195 1363 1360 1449 disputare
1383 1364 1469 1430 baud

300 1473 442 1539 alienum
466 1494 536 1538 esse
560 1494 683 1539 censeo.

389 1579 487 1646 Cuius
512 1581 558 1645 rei
582 1602 655 1645 cum
679 1601 793 1646 causas
818 1601 1014 1665 quaererem,
1036 1579 1096 1646 bas
1119 1579 1228 1645 inveni
1251 1579 1345 1644 duas:
1369 1577 1472 1644 altera

301 1692 365 1773 est,
396 1687 481 1772 quod
509 1687 646 1752 surculis
674 1687 816 1753 colendis
845 1690 958 1752 auctor
984 1687 1053 1770 ipse
1082 1707 1243 1752 summum
1271 1689 1472 1751 momentum

302 1794 439 1879 addidit,
465 1794 569 1858 altera
593 1796 657 1877 est,
685 1793 771 1879 quod
795 1794 947 1858 arborum
975 1792 1100 1859 cultura
1130 1796 1258 1878 praeter
1279 1796 1403 1858 ceteras
1426 1793 1474 1857 rei

301 1901 440 1967 rusticae
473 1899 661 1984 disciplinas
692 1900 727 1963 in
759 1898 856 1965 ltalia
887 1899 1034 1966 florebat.
1081 1897 1130 1964 Ac
1162 1899 1303 1985 primum
1336 1899 1473 1985 quidem,

302 2029 367 2095 qua
390 2009 544 2090 exparte
568 2004 766 2072 Oolumellae
794 2005 858 2091 ipsi
887 2005 997 2070 deberi
1026 2027 1187 2092 censeam,
1217 2006 1302 2092 quod
1331 2005 1413 2071 liber
1436 2005 1474 2070 de
1525 2033 1527 2040 ·

304 2114 473 2181 arboribus
492 2135 560 2179 non
578 2112 719 2198 perierit,
740 2113 923 2179 accuratius
943 2134 1103 2179 enarrem:
1126 2113 1265 2180 Patruus
1285 2111 1475 2198 Gaditanus,

303 2221 439 2288 illustris
459 2219 602 2306 agricola
619 2217 772 2286 Baeticae
797 2221 831 2284 in
856 2219 993 2285 surculis
1016 2220 1159 2286 colendis
1178 2221 1315 2286 multum
1334 2220 1475 2306 profece-

304 2331 365 2415 rat,
389 2328 479 2394 ouius
503 2325 642 2392 artificia
665 2326 842 2411 discipulus
866 2327 1124 2412 consanguineus
1143 2328 1300 2394 memoria
1319 2327 1475 2394 eustodie-

304 2437 370 2501 bat.
406 2434 530 2499 Deinde
553 2437 673 2518 noster,
696 2454 769 2499 cum
791 2435 826 2498 in
849 2432 948 2499 Italia
966 2433 1164 2499 domicilium
1188 2435 1388 2518 collocasset,
1411 2457 1476 2500 non

305 2546 413 2608 vastas
437 2539 658 2625 possessiones
682 2540 896 2624 comparavit,
929 2539 984 2605 sed
1012 2539 1151 2625 agellos,
1178 2544 1215 2606 ut
1241 2542 1343 2626 ipsius
1368 2543 1475 2609 verbis

305 2652 391 2735 utar,
419 2647 510 2732 emit,
542 2668 608 2711 non
635 2649 704 2710 tam
727 2646 768 2712 ad
796 2646 1029 2731 agriculturam
1053 2648 1104 2712 vel
1127 2646 1168 2712 ad
1195 2669 1293 2732 pecus
1317 2648 1478 2730 alendum,

307 2776 404 2841 quarn
437 2753 477 2818 ad
504 2753 615 2818 vinum
644 2753 813 2837 oleumque
841 2753 1033 2838 proferenda
1055 2753 1204 2839 idoneos.
1256 2754 1326 2830 Quo
1354 2755 1476 2822 factum

181 2909 183 2914 ν
307 2865 365 2946 est,
388 2863 425 2926 ut
448 2881 547 2946 opera
571 2860 707 2925 surculis
727 2859 870 2926 colendis
889 2882 947 2946 per
967 2882 1068 2927 annos
1089 2861 1165 2927 data
1183 2861 1217 2926 in
1236 2862 1304 2926 dies
1323 2861 1477 2929 eruditior

306 2970 398 3034 fieret
431 2971 464 3032 et
496 2989 556 3032 usu
589 2970 621 3031 et
653 2967 844 3051 praeceptis.
891 2966 973 3032 Tum
1006 2968 1111 3052 spatio
1144 2968 1229 3032 inter
1262 2967 1325 3034 duo
1357 2970 1478 3048 rustica

307 3096 406 3159 opera
437 3074 545 3158 posito
577 3073 699 3157 publici
728 3073 807 3139 iuris
840 3073 920 3139 facti
954 3077 1030 3138 sunt
1062 3073 1138 3139 libri
1171 3097 1190 3138 a
1222 3071 1330 3160 Celso,
1358 3074 1479 3159 Attico,

308 3181 467 3248 Graecino
492 3180 676 3265 compositi,
704 3202 839 3266 quorum
864 3180 1042 3246 sententias
1071 3203 1090 3245 a
1112 3183 1226 3245 nostro
1249 3186 1306 3247 aut
1330 3187 1478 3268 acceptas

308 3293 365 3356 aut
383 3289 590 3375 impugnatus
610 3309 680 3352 esse
700 3309 798 3371 supra
816 3288 881 3352 iam
902 3287 1060 3353 enarravi.
1086 3285 1195 3371 Atque
1215 3289 1330 3354 ceteris
1349 3289 1479 3375 quidem

308 3396 343 3460 in
367 3394 553 3478 disciplinis,
577 3393 693 3477 quibus
716 3393 785 3478 ipse
808 3394 895 3459 baud
917 3393 964 3459 ita
986 3415 1108 3479 magna
1131 3415 1203 3459 cum
1231 3394 1390 3461 industria
1413 3401 1479 3462 stu·

310 3502 417 3584 debat,
440 3499 656 3565 describendis
675 3502 763 3565 totus
782 3499 848 3564 fere
868 3522 906 3564 ex
925 3501 1104 3584 peritorum
1124 3501 1331 3585 praescriptis
1354 3503 1480 3590 pendet,

309 3611 346 3673 ut
376 3606 410 3671 in
439 3626 525 3700 nova
557 3604 697 3670 editione
730 3608 786 3669 aut
818 3627 900 3689 quae
936 3610 1033 3672 antea
1064 3608 1325 3694 praescripserat,
1361 3609 1481 3693 referat

310 3717 367 3780 aut
403 3712 586 3797 aequalium
623 3711 804 3778 doctrinam
842 3712 993 3796 accipiat,
1029 3713 1062 3778 in
1100 3714 1302 3780 surculorum
1334 3716 1481 3783 colendo·

310 3843 382 3886 rum
410 3841 486 3885 vero
519 3819 733 3904 descriptione
766 3822 799 3884 et
830 3820 900 3904 ipse
931 3819 1072 3904 pristina
1098 3824 1270 3905 praecepta
1297 3841 1416 3907 magna
1443 3845 1482 3888 ex

310 3931 404 4014 parte
437 3926 584 3991 obsoleta
616 3947 686 3991 esse
716 3926 880 3991 intellexit
912 3929 946 3991 et
977 3949 1059 4012 quae
1091 3926 1208 3993 iniuria
1236 3950 1255 3992 a
1282 3927 1396 4012 peritis
1424 3930 1481 3995 im-

310 4034 449 4121 probata
480 4054 550 4097 esse
581 4033 724 4115 videbat,
760 4032 914 4098 acerrime
946 4033 1098 4099 defendit
1148 4033 1239 4098 Adde
1267 4037 1360 4099 vetus
1387 4035 1482 4102 illud:

312 4145 392 4225 quot
419 4139 580 4226 homines,
603 4142 653 4205 tot
677 4139 865 4205 sententiae.
911 4139 996 4216 Quid
1023 4139 1140 4204 mirum
1168 4140 1196 4204 si
1223 4140 1373 4206 nonnulli
1400 4143 1484 4228 agri·

311 4246 402 4312 colae
439 4246 616 4311 sententias
652 4247 687 4311 in
722 4245 806 4311 libro
843 4246 881 4310 dc
919 4247 1087 4312 arboribus
1118 4246 1265 4331 prolatas
1302 4269 1367 4313 non
1401 4251 1481 4315 viles

311 4353 377 4418 rati
394 4352 479 4417 huuc
502 4375 579 4438 prae
605 4353 719 4418 ceteris
741 4352 859 4437 prioris
883 4353 990 4440 operis
1017 4351 1110 4418 libris
1133 4353 1388 4420 conservandum
1412 4377 1482 4421 cen·

314 4457 468 4528 suerunt?
