<?xml version="1.0" encoding="UTF-8"?>
<!DOCTYPE html PUBLIC "-//W3C//DTD XHTML 1.0 Transitional//EN"
    "http://www.w3.org/TR/xhtml1/DTD/xhtml1-transitional.dtd">
<html xmlns="http://www.w3.org/1999/xhtml" xml:lang="en" lang="en">
 <head>
  <title>
</title>
<meta http-equiv="Content-Type" content="text/html;charset=utf-8" />
  <meta name='ocr-system' content='tesseract 3.04.00' />
  <meta name='ocr-capabilities' content='ocr_page ocr_carea ocr_par ocr_line ocrx_word'/>
</head>
<body>
  <div class='ocr_page' id='page_1' title='image "./deljmcolumellae00bechgoog_0087.png"; bbox 0 0 3470 5124; ppageno 0'>
   <div class='ocr_carea' id='block_1_1' title="bbox 746 325 962 388">
    <p class='ocr_par' dir='ltr' id='par_1_1' title="bbox 746 325 962 388">
     <span class='ocr_line' id='line_1_1' title="bbox 746 325 962 388; baseline 0 -18"><span class='ocrx_word' id='word_1_1' title='bbox 746 325 962 388; x_wconf 70' lang='lat'>..32-</span> 
     </span>
    </p>
   </div>
   <div class='ocr_carea' id='block_1_2' title="bbox 273 503 1448 1099">
    <p class='ocr_par' dir='ltr' id='par_1_2' title="bbox 364 503 920 570">
     <span class='ocr_line' id='line_1_2' title="bbox 364 503 920 570; baseline 0 -16"><span class='ocrx_word' id='word_1_2' title='bbox 364 505 414 554; x_wconf 82' lang='lat'><strong>244</strong></span> <span class='ocrx_word' id='word_1_3' title='bbox 434 518 461 558; x_wconf 85' lang='lat' dir='ltr'><strong>v.</strong></span> <span class='ocrx_word' id='word_1_4' title='bbox 479 518 544 570; x_wconf 87' lang='lat' dir='ltr'><strong>pag.</strong></span> <span class='ocrx_word' id='word_1_5' title='bbox 564 506 606 557; x_wconf 73' lang='grc'><strong>22.</strong></span> <span class='ocrx_word' id='word_1_6' title='bbox 627 527 656 542; x_wconf 63' lang='grc'><strong>»-</strong></span> <span class='ocrx_word' id='word_1_7' title='bbox 677 503 728 552; x_wconf 71' lang='lat'><strong>245</strong></span> <span class='ocrx_word' id='word_1_8' title='bbox 747 516 773 553; x_wconf 84' lang='lat' dir='ltr'><strong>v.</strong></span> <span class='ocrx_word' id='word_1_9' title='bbox 792 513 857 568; x_wconf 82' lang='lat' dir='ltr'><strong>pag.</strong></span> <span class='ocrx_word' id='word_1_10' title='bbox 877 503 920 554; x_wconf 78' lang='lat'><strong>22.</strong></span> 
     </span>
    </p>

    <p class='ocr_par' dir='ltr' id='par_1_3' title="bbox 364 585 903 656">
     <span class='ocr_line' id='line_1_3' title="bbox 364 585 903 656; baseline 0 -14"><span class='ocrx_word' id='word_1_11' title='bbox 364 593 418 642; x_wconf 68' lang='lat'><strong>‘246</strong></span> <span class='ocrx_word' id='word_1_12' title='bbox 438 589 471 643; x_wconf 87' lang='lat' dir='ltr'><strong>of.</strong></span> <span class='ocrx_word' id='word_1_13' title='bbox 492 607 513 644; x_wconf 86' lang='lat' dir='ltr'><strong>r.</strong></span> <span class='ocrx_word' id='word_1_14' title='bbox 532 606 554 645; x_wconf 88' lang='lat' dir='ltr'><strong>r.</strong></span> <span class='ocrx_word' id='word_1_15' title='bbox 573 589 661 656; x_wconf 55' lang='lat' dir='ltr'><strong>lxge,</strong></span> <span class='ocrx_word' id='word_1_16' title='bbox 682 591 710 652; x_wconf 73' lang='grc' dir='ltr'><strong>ὅς</strong></span> <span class='ocrx_word' id='word_1_17' title='bbox 730 585 776 641; x_wconf 84' lang='grc' dir='ltr'><strong>ΙΧ.</strong></span> <span class='ocrx_word' id='word_1_18' title='bbox 798 591 839 654; x_wconf 83' lang='lat'><strong>14,</strong></span> <span class='ocrx_word' id='word_1_19' title='bbox 861 591 903 642; x_wconf 78' lang='lat'><strong>12.</strong></span> 
     </span>
    </p>

    <p class='ocr_par' dir='ltr' id='par_1_4' title="bbox 273 672 1448 1099">
     <span class='ocr_line' id='line_1_4' title="bbox 365 672 1446 746; baseline 0.006 -21"><span class='ocrx_word' id='word_1_20' title='bbox 365 682 416 731; x_wconf 76' lang='lat'><strong>247</strong></span> <span class='ocrx_word' id='word_1_21' title='bbox 437 677 618 742; x_wconf 68' lang='lat' dir='ltr'><strong>columellae,</strong></span> <span class='ocrx_word' id='word_1_22' title='bbox 638 672 724 742; x_wconf 89' lang='lat' dir='ltr'><strong>primi</strong></span> <span class='ocrx_word' id='word_1_23' title='bbox 742 692 768 743; x_wconf 88' lang='lat' dir='ltr'><strong>p.</strong></span> <span class='ocrx_word' id='word_1_24' title='bbox 790 672 851 730; x_wconf 82' lang='lat' dir='ltr'><strong>Chr.</strong></span> <span class='ocrx_word' id='word_1_25' title='bbox 871 692 897 727; x_wconf 89' lang='lat' dir='ltr'><strong>n.</strong></span> <span class='ocrx_word' id='word_1_26' title='bbox 923 673 1027 728; x_wconf 87' lang='lat' dir='ltr'><strong>saeculi</strong></span> <span class='ocrx_word' id='word_1_27' title='bbox 1051 673 1195 744; x_wconf 87' lang='lat' dir='ltr'><strong>scriptoris</strong></span> <span class='ocrx_word' id='word_1_28' title='bbox 1215 675 1377 731; x_wconf 81' lang='lat' dir='ltr'><strong>memoriam</strong></span> <span class='ocrx_word' id='word_1_29' title='bbox 1399 694 1446 746; x_wconf 89' lang='lat' dir='ltr'><strong>op·</strong></span> 
     </span>
     <span class='ocr_line' id='line_1_5' title="bbox 275 761 1448 834; baseline 0.001 -16"><span class='ocrx_word' id='word_1_30' title='bbox 275 781 402 834; x_wconf 76' lang='lat' dir='ltr'><strong>pressam</strong></span> <span class='ocrx_word' id='word_1_31' title='bbox 422 783 482 820; x_wconf 84' lang='lat' dir='ltr'><strong>esse</strong></span> <span class='ocrx_word' id='word_1_32' title='bbox 502 763 694 820; x_wconf 86' lang='lat' dir='ltr'><strong>demonstrant</strong></span> <span class='ocrx_word' id='word_1_33' title='bbox 712 761 799 816; x_wconf 81' lang='lat' dir='ltr'><strong>uerba</strong></span> <span class='ocrx_word' id='word_1_34' title='bbox 817 761 930 829; x_wconf 78' lang='lat' dir='ltr'><strong>Isidori,</strong></span> <span class='ocrx_word' id='word_1_35' title='bbox 955 778 1027 830; x_wconf 90' lang='lat' dir='ltr'><strong>quae</strong></span> <span class='ocrx_word' id='word_1_36' title='bbox 1047 762 1099 817; x_wconf 89' lang='lat' dir='ltr'><strong>hac</strong></span> <span class='ocrx_word' id='word_1_37' title='bbox 1118 761 1301 818; x_wconf 70' lang='lat' dir='ltr'><strong>adnotatione</strong></span> <span class='ocrx_word' id='word_1_38' title='bbox 1320 763 1448 819; x_wconf 89' lang='lat' dir='ltr'><strong>attulisse</strong></span> 
     </span>
     <span class='ocr_line' id='line_1_6' title="bbox 276 849 1447 922; baseline 0.002 -16"><span class='ocrx_word' id='word_1_39' title='bbox 276 853 345 907; x_wconf 89' lang='lat' dir='ltr'><strong>satis</strong></span> <span class='ocrx_word' id='word_1_40' title='bbox 364 853 464 908; x_wconf 87' lang='lat' dir='ltr'><strong>habeo.</strong></span> <span class='ocrx_word' id='word_1_41' title='bbox 503 854 562 909; x_wconf 84' lang='lat' dir='ltr'><strong>Isid.</strong></span> <span class='ocrx_word' id='word_1_42' title='bbox 583 850 651 918; x_wconf 88' lang='lat' dir='ltr'><strong>orig.</strong></span> <span class='ocrx_word' id='word_1_43' title='bbox 670 849 757 904; x_wconf 89' lang='lat' dir='ltr'>XVII.</span> <span class='ocrx_word' id='word_1_44' title='bbox 779 855 802 918; x_wconf 92' lang='lat'><strong>1,</strong></span> <span class='ocrx_word' id='word_1_45' title='bbox 823 855 851 905; x_wconf 87' lang='lat'><strong>1:</strong></span> <span class='ocrx_word' id='word_1_46' title='bbox 876 850 958 920; x_wconf 86' lang='lat' dir='ltr'><strong>Apud</strong></span> <span class='ocrx_word' id='word_1_47' title='bbox 978 851 1118 905; x_wconf 88' lang='lat' dir='ltr'><strong>Romanos</strong></span> <span class='ocrx_word' id='word_1_48' title='bbox 1143 851 1178 905; x_wconf 87' lang='lat' dir='ltr'><strong>de</strong></span> <span class='ocrx_word' id='word_1_49' title='bbox 1202 851 1374 920; x_wconf 75' lang='lat' dir='ltr'>agricultura</span> <span class='ocrx_word' id='word_1_50' title='bbox 1392 853 1447 922; x_wconf 90' lang='lat' dir='ltr'><strong>pri-</strong></span> 
     </span>
     <span class='ocr_line' id='line_1_7' title="bbox 273 937 1446 1010; baseline 0.003 -16"><span class='ocrx_word' id='word_1_51' title='bbox 273 959 335 995; x_wconf 91' lang='lat' dir='ltr'><strong>mus</strong></span> <span class='ocrx_word' id='word_1_52' title='bbox 356 940 426 997; x_wconf 83' lang='lat' dir='ltr'><strong>(lato</strong></span> <span class='ocrx_word' id='word_1_53' title='bbox 444 940 579 1007; x_wconf 85' lang='lat' dir='ltr'><strong>institnit,</strong></span> <span class='ocrx_word' id='word_1_54' title='bbox 599 955 683 1008; x_wconf 87' lang='lat' dir='ltr'><strong>quam</strong></span> <span class='ocrx_word' id='word_1_55' title='bbox 704 938 805 994; x_wconf 90' lang='lat' dir='ltr'><strong>deinde</strong></span> <span class='ocrx_word' id='word_1_56' title='bbox 825 940 862 994; x_wconf 87' lang='lat' dir='ltr'><strong>M.</strong></span> <span class='ocrx_word' id='word_1_57' title='bbox 881 938 1027 994; x_wconf 75' lang='lat' dir='ltr'>Terentius</span> <span class='ocrx_word' id='word_1_58' title='bbox 1046 937 1195 1009; x_wconf 80' lang='lat' dir='ltr'><strong>expolivit,</strong></span> <span class='ocrx_word' id='word_1_59' title='bbox 1219 958 1285 996; x_wconf 90' lang='lat' dir='ltr'><strong>mox</strong></span> <span class='ocrx_word' id='word_1_60' title='bbox 1303 939 1446 1010; x_wconf 81' lang='lat' dir='ltr'><strong>Vergilius</strong></span> 
     </span>
     <span class='ocr_line' id='line_1_8' title="bbox 273 1021 1446 1099; baseline 0.003 -17"><span class='ocrx_word' id='word_1_61' title='bbox 273 1027 357 1085; x_wconf 88' lang='lat' dir='ltr'><strong>laude</strong></span> <span class='ocrx_word' id='word_1_62' title='bbox 387 1031 537 1086; x_wconf 81' lang='lat' dir='ltr'><strong>carminum</strong></span> <span class='ocrx_word' id='word_1_63' title='bbox 567 1028 674 1083; x_wconf 89' lang='lat' dir='ltr'><strong>extulit.</strong></span> <span class='ocrx_word' id='word_1_64' title='bbox 720 1029 780 1082; x_wconf 88' lang='lat' dir='ltr'><strong>Neo</strong></span> <span class='ocrx_word' id='word_1_65' title='bbox 809 1025 901 1082; x_wconf 85' lang='lat' dir='ltr'><strong>minus</strong></span> <span class='ocrx_word' id='word_1_66' title='bbox 936 1028 1058 1082; x_wconf 85' lang='lat' dir='ltr'><strong>studium</strong></span> <span class='ocrx_word' id='word_1_67' title='bbox 1088 1021 1246 1083; x_wconf 83' lang='lat' dir='ltr'><strong>habuerunt</strong></span> <span class='ocrx_word' id='word_1_68' title='bbox 1269 1031 1446 1099; x_wconf 86' lang='lat' dir='ltr'><strong>postmodum</strong></span> 
     </span>
    </p>
   </div>
   <div class='ocr_carea' id='block_1_3' title="bbox 269 1115 1518 1718">
    <p class='ocr_par' dir='ltr' id='par_1_5' title="bbox 273 1115 1446 1277">
     <span class='ocr_line' id='line_1_9' title="bbox 274 1115 1446 1189; baseline 0.001 -17"><span class='ocrx_word' id='word_1_69' title='bbox 274 1115 420 1172; x_wconf 76' lang='lat' dir='ltr'><strong>Cornelius</strong></span> <span class='ocrx_word' id='word_1_70' title='bbox 440 1119 531 1174; x_wconf 81' lang='lat' dir='ltr'><strong>Celsus</strong></span> <span class='ocrx_word' id='word_1_71' title='bbox 556 1119 585 1171; x_wconf 89' lang='lat' dir='ltr'><strong>et</strong></span> <span class='ocrx_word' id='word_1_72' title='bbox 608 1115 695 1170; x_wconf 90' lang='lat' dir='ltr'><strong>Iulius</strong></span> <span class='ocrx_word' id='word_1_73' title='bbox 713 1115 838 1184; x_wconf 89' lang='lat' dir='ltr'><strong>Atticus,</strong></span> <span class='ocrx_word' id='word_1_74' title='bbox 857 1115 1031 1171; x_wconf 82' lang='lat' dir='ltr'><strong>Aemilianus</strong></span> <span class='ocrx_word' id='word_1_75' title='bbox 1057 1118 1115 1172; x_wconf 82' lang='lat' dir='ltr'><strong>sive</strong></span> <span class='ocrx_word' id='word_1_76' title='bbox 1136 1117 1304 1186; x_wconf 80' lang='lat' dir='ltr'><strong>Columella,</strong></span> <span class='ocrx_word' id='word_1_77' title='bbox 1329 1118 1446 1189; x_wconf 85' lang='lat' dir='ltr'><strong>insignis</strong></span> 
     </span>
     <span class='ocr_line' id='line_1_10' title="bbox 273 1203 1251 1277; baseline 0.001 -17"><span class='ocrx_word' id='word_1_78' title='bbox 273 1209 375 1274; x_wconf 89' lang='lat' dir='ltr'><strong>orator,</strong></span> <span class='ocrx_word' id='word_1_79' title='bbox 396 1207 444 1277; x_wconf 89' lang='lat' dir='ltr'><strong>qui</strong></span> <span class='ocrx_word' id='word_1_80' title='bbox 460 1206 550 1260; x_wconf 87' lang='lat' dir='ltr'><strong>totum</strong></span> <span class='ocrx_word' id='word_1_81' title='bbox 571 1222 670 1275; x_wconf 91' lang='lat' dir='ltr'><strong>corpus</strong></span> <span class='ocrx_word' id='word_1_82' title='bbox 690 1203 855 1275; x_wconf 86' lang='lat' dir='ltr'><strong>disciplinae</strong></span> <span class='ocrx_word' id='word_1_83' title='bbox 875 1205 1001 1260; x_wconf 87' lang='lat' dir='ltr'><strong>eiusdem</strong></span> <span class='ocrx_word' id='word_1_84' title='bbox 1020 1205 1181 1275; x_wconf 87' lang='lat' dir='ltr'><strong>complexus</strong></span> <span class='ocrx_word' id='word_1_85' title='bbox 1201 1209 1251 1261; x_wconf 90' lang='lat' dir='ltr'><strong>est.</strong></span> 
     </span>
    </p>

    <p class='ocr_par' dir='ltr' id='par_1_6' title="bbox 271 1293 1518 1540">
     <span class='ocr_line' id='line_1_11' title="bbox 360 1293 1443 1363; baseline 0.002 -15"><span class='ocrx_word' id='word_1_86' title='bbox 360 1301 412 1352; x_wconf 78' lang='lat'><strong>248</strong></span> <span class='ocrx_word' id='word_1_87' title='bbox 439 1294 609 1349; x_wconf 70' lang='lat' dir='ltr'><strong>columellae</strong></span> <span class='ocrx_word' id='word_1_88' title='bbox 639 1293 766 1348; x_wconf 88' lang='lat' dir='ltr'><strong>codicum</strong></span> <span class='ocrx_word' id='word_1_89' title='bbox 798 1293 986 1363; x_wconf 88' lang='lat' dir='ltr'><strong>peritissimus</strong></span> <span class='ocrx_word' id='word_1_90' title='bbox 1015 1293 1172 1349; x_wconf 89' lang='lat' dir='ltr'><strong>Vilhelmus</strong></span> <span class='ocrx_word' id='word_1_91' title='bbox 1200 1295 1386 1350; x_wconf 87' lang='lat' dir='ltr'><strong>Lundstroem</strong></span> <span class='ocrx_word' id='word_1_92' title='bbox 1414 1297 1443 1350; x_wconf 90' lang='lat' dir='ltr'><strong>in</strong></span> 
     </span>
     <span class='ocr_line' id='line_1_12' title="bbox 271 1381 1518 1453; baseline 0.004 -18"><span class='ocrx_word' id='word_1_93' title='bbox 271 1382 371 1439; x_wconf 89' lang='lat' dir='ltr'><strong>Italiac</strong></span> <span class='ocrx_word' id='word_1_94' title='bbox 386 1381 593 1451; x_wconf 87' lang='lat' dir='ltr'><strong>Hispaniaequc</strong></span> <span class='ocrx_word' id='word_1_95' title='bbox 607 1381 787 1437; x_wconf 71' lang='lat' dir='ltr'><strong>bibliothecis</strong></span> <span class='ocrx_word' id='word_1_96' title='bbox 802 1399 935 1452; x_wconf 82' lang='lat' dir='ltr'><strong>magnum</strong></span> <span class='ocrx_word' id='word_1_97' title='bbox 949 1399 1094 1436; x_wconf 87' lang='lat' dir='ltr'><strong>numerum</strong></span> <span class='ocrx_word' id='word_1_98' title='bbox 1110 1381 1244 1450; x_wconf 90' lang='lat' dir='ltr'><strong>codicum,</strong></span> <span class='ocrx_word' id='word_1_99' title='bbox 1260 1383 1309 1453; x_wconf 88' lang='lat' dir='ltr'><strong>qui</strong></span> <span class='ocrx_word' id='word_1_100' title='bbox 1322 1383 1443 1440; x_wconf 88' lang='lat' dir='ltr'><strong>redinte·</strong></span> <span class='ocrx_word' id='word_1_101' title='bbox 1515 1404 1518 1409; x_wconf 91' lang='lat'>·</span> 
     </span>
     <span class='ocr_line' id='line_1_13' title="bbox 272 1470 1441 1540; baseline 0.003 -16"><span class='ocrx_word' id='word_1_102' title='bbox 272 1475 415 1540; x_wconf 81' lang='lat' dir='ltr'><strong>gratorum</strong></span> <span class='ocrx_word' id='word_1_103' title='bbox 433 1471 621 1526; x_wconf 89' lang='lat' dir='ltr'><strong>humanitatis</strong></span> <span class='ocrx_word' id='word_1_104' title='bbox 635 1470 790 1526; x_wconf 90' lang='lat' dir='ltr'><strong>studiorum</strong></span> <span class='ocrx_word' id='word_1_105' title='bbox 810 1472 982 1539; x_wconf 83' lang='lat' dir='ltr'><strong>temporibus</strong></span> <span class='ocrx_word' id='word_1_106' title='bbox 997 1470 1052 1526; x_wconf 85' lang='lat' dir='ltr'><strong>orti</strong></span> <span class='ocrx_word' id='word_1_107' title='bbox 1067 1472 1139 1540; x_wconf 90' lang='lat' dir='ltr'><strong>sunt,</strong></span> <span class='ocrx_word' id='word_1_108' title='bbox 1159 1471 1322 1527; x_wconf 83' lang='lat' dir='ltr'><strong>delitescere</strong></span> <span class='ocrx_word' id='word_1_109' title='bbox 1342 1474 1441 1528; x_wconf 88' lang='lat' dir='ltr'><strong>censet.</strong></span> 
     </span>
    </p>

    <p class='ocr_par' dir='ltr' id='par_1_7' title="bbox 269 1543 1444 1718">
     <span class='ocr_line' id='line_1_14' title="bbox 324 1543 1444 1629; baseline 0.002 -16"><span class='ocrx_word' id='word_1_110' title='bbox 324 1543 327 1553; x_wconf 52' lang='lat'>¹</span> <span class='ocrx_word' id='word_1_111' title='bbox 358 1559 417 1613; x_wconf 89' lang='lat' dir='ltr'><strong>Hoc</strong></span> <span class='ocrx_word' id='word_1_112' title='bbox 437 1561 544 1615; x_wconf 89' lang='lat' dir='ltr'><strong>tantem</strong></span> <span class='ocrx_word' id='word_1_113' title='bbox 564 1559 626 1615; x_wconf 90' lang='lat' dir='ltr'><strong>loco</strong></span> <span class='ocrx_word' id='word_1_114' title='bbox 645 1561 882 1626; x_wconf 85' lang='lat' dir='ltr'><strong>humanistarum,</strong></span> <span class='ocrx_word' id='word_1_115' title='bbox 907 1559 956 1628; x_wconf 90' lang='lat' dir='ltr'><strong>qui</strong></span> <span class='ocrx_word' id='word_1_116' title='bbox 975 1563 1119 1629; x_wconf 87' lang='lat' dir='ltr'><strong>vocantur,</strong></span> <span class='ocrx_word' id='word_1_117' title='bbox 1139 1561 1333 1617; x_wconf 83' lang='lat' dir='ltr'><strong>admirationis</strong></span> <span class='ocrx_word' id='word_1_118' title='bbox 1352 1578 1444 1616; x_wconf 85' lang='lat' dir='ltr'><strong>exom-</strong></span> 
     </span>
     <span class='ocr_line' id='line_1_15' title="bbox 269 1647 1369 1718; baseline 0.004 -16"><span class='ocrx_word' id='word_1_119' title='bbox 269 1650 347 1718; x_wconf 89' lang='lat' dir='ltr'><strong>plum</strong></span> <span class='ocrx_word' id='word_1_120' title='bbox 367 1647 469 1702; x_wconf 87' lang='lat' dir='ltr'><strong>addam</strong></span> <span class='ocrx_word' id='word_1_121' title='bbox 488 1664 582 1703; x_wconf 88' lang='lat' dir='ltr'><strong>versus</strong></span> <span class='ocrx_word' id='word_1_122' title='bbox 603 1665 620 1702; x_wconf 87' lang='lat' dir='ltr'><strong>a</strong></span> <span class='ocrx_word' id='word_1_123' title='bbox 639 1648 785 1704; x_wconf 84' lang='lat' dir='ltr'><strong>Theodoro</strong></span> <span class='ocrx_word' id='word_1_124' title='bbox 805 1651 884 1717; x_wconf 81' lang='lat' dir='ltr'><strong>Bona,</strong></span> <span class='ocrx_word' id='word_1_125' title='bbox 905 1648 1026 1703; x_wconf 82' lang='lat' dir='ltr'><strong>Calvinii</strong></span> <span class='ocrx_word' id='word_1_126' title='bbox 1045 1649 1166 1718; x_wconf 89' lang='lat' dir='ltr'><strong>aequali,</strong></span> <span class='ocrx_word' id='word_1_127' title='bbox 1187 1649 1369 1718; x_wconf 86' lang='lat' dir='ltr'><strong>compositos:</strong></span> 
     </span>
    </p>
   </div>
   <div class='ocr_carea' id='block_1_4' title="bbox 427 1789 1224 2302">
    <p class='ocr_par' dir='ltr' id='par_1_8' title="bbox 429 1789 1224 1948">
     <span class='ocr_line' id='line_1_16' title="bbox 430 1789 1224 1860; baseline 0 -16"><span class='ocrx_word' id='word_1_128' title='bbox 430 1789 553 1860; x_wconf 83' lang='lat' dir='ltr'><strong>‘Orphea</strong></span> <span class='ocrx_word' id='word_1_129' title='bbox 572 1789 676 1846; x_wconf 85' lang='lat' dir='ltr'><strong>mirata</strong></span> <span class='ocrx_word' id='word_1_130' title='bbox 695 1792 737 1844; x_wconf 88' lang='lat' dir='ltr'><strong>est</strong></span> <span class='ocrx_word' id='word_1_131' title='bbox 756 1790 901 1860; x_wconf 82' lang='lat' dir='ltr'><strong>Rhodope,</strong></span> <span class='ocrx_word' id='word_1_132' title='bbox 921 1807 971 1844; x_wconf 90' lang='lat' dir='ltr'><strong>sua</strong></span> <span class='ocrx_word' id='word_1_133' title='bbox 988 1789 1049 1844; x_wconf 84' lang='lat' dir='ltr'><strong>fata</strong></span> <span class='ocrx_word' id='word_1_134' title='bbox 1068 1792 1224 1858; x_wconf 78' lang='lat' dir='ltr'><strong>canentem,</strong></span> 
     </span>
     <span class='ocr_line' id='line_1_17' title="bbox 429 1877 1096 1948; baseline 0.007 -17"><span class='ocrx_word' id='word_1_135' title='bbox 429 1877 458 1932; x_wconf 81' lang='lat' dir='ltr'><strong>Si</strong></span> <span class='ocrx_word' id='word_1_136' title='bbox 477 1879 560 1933; x_wconf 90' lang='lat' dir='ltr'><strong>modo</strong></span> <span class='ocrx_word' id='word_1_137' title='bbox 579 1877 695 1947; x_wconf 83' lang='lat' dir='ltr'><strong>Virgilii</strong></span> <span class='ocrx_word' id='word_1_138' title='bbox 715 1879 837 1933; x_wconf 89' lang='lat' dir='ltr'><strong>carmina</strong></span> <span class='ocrx_word' id='word_1_139' title='bbox 856 1879 964 1948; x_wconf 88' lang='lat' dir='ltr'><strong>pondus</strong></span> <span class='ocrx_word' id='word_1_140' title='bbox 984 1880 1096 1936; x_wconf 88' lang='lat' dir='ltr'><strong>habeut.</strong></span> 
     </span>
    </p>

    <p class='ocr_par' dir='ltr' id='par_1_9' title="bbox 428 1966 1020 2024">
     <span class='ocr_line' id='line_1_18' title="bbox 428 1966 1020 2024; baseline 0.007 -5"><span class='ocrx_word' id='word_1_141' title='bbox 428 1966 468 2020; x_wconf 88' lang='lat' dir='ltr'><strong>Tu</strong></span> <span class='ocrx_word' id='word_1_142' title='bbox 488 1983 555 2021; x_wconf 89' lang='lat' dir='ltr'><strong>vero</strong></span> <span class='ocrx_word' id='word_1_143' title='bbox 574 1967 636 2020; x_wconf 88' lang='lat' dir='ltr'><strong>Iuni</strong></span> <span class='ocrx_word' id='word_1_144' title='bbox 656 1966 795 2022; x_wconf 86' lang='lat' dir='ltr'><strong>silvestria</strong></span> <span class='ocrx_word' id='word_1_145' title='bbox 813 1985 878 2022; x_wconf 89' lang='lat' dir='ltr'><strong>rura</strong></span> <span class='ocrx_word' id='word_1_146' title='bbox 896 1969 1020 2024; x_wconf 90' lang='lat' dir='ltr'><strong>canendo</strong></span> 
     </span>
    </p>

    <p class='ocr_par' dir='ltr' id='par_1_10' title="bbox 427 2054 1049 2126">
     <span class='ocr_line' id='line_1_19' title="bbox 427 2054 1049 2126; baseline 0.006 -19"><span class='ocrx_word' id='word_1_147' title='bbox 427 2054 495 2110; x_wconf 86' lang='lat' dir='ltr'><strong>Post</strong></span> <span class='ocrx_word' id='word_1_148' title='bbox 512 2057 540 2110; x_wconf 89' lang='lat' dir='ltr'><strong>te</strong></span> <span class='ocrx_word' id='word_1_149' title='bbox 559 2055 634 2126; x_wconf 84' lang='lat' dir='ltr'><strong>ipsas</strong></span> <span class='ocrx_word' id='word_1_150' title='bbox 653 2056 736 2110; x_wconf 89' lang='lat' dir='ltr'><strong>urbes</strong></span> <span class='ocrx_word' id='word_1_151' title='bbox 755 2056 852 2111; x_wconf 88' lang='lat' dir='ltr'><strong>intua</strong></span> <span class='ocrx_word' id='word_1_152' title='bbox 871 2074 935 2112; x_wconf 88' lang='lat' dir='ltr'><strong>rura</strong></span> <span class='ocrx_word' id='word_1_153' title='bbox 952 2058 1049 2112; x_wconf 83' lang='lat' dir='ltr'><strong>trahis.</strong></span> 
     </span>
    </p>

    <p class='ocr_par' dir='ltr' id='par_1_11' title="bbox 427 2143 1138 2302">
     <span class='ocr_line' id='line_1_20' title="bbox 430 2143 1138 2214; baseline 0.006 -17"><span class='ocrx_word' id='word_1_154' title='bbox 430 2143 452 2197; x_wconf 90' lang='lat'>0</span> <span class='ocrx_word' id='word_1_155' title='bbox 472 2144 574 2214; x_wconf 87' lang='lat' dir='ltr'><strong>superi,</strong></span> <span class='ocrx_word' id='word_1_156' title='bbox 594 2145 692 2212; x_wconf 86' lang='lat' dir='ltr'><strong>quales</strong></span> <span class='ocrx_word' id='word_1_157' title='bbox 711 2145 810 2200; x_wconf 89' lang='lat' dir='ltr'><strong>babuit</strong></span> <span class='ocrx_word' id='word_1_158' title='bbox 827 2147 887 2199; x_wconf 89' lang='lat' dir='ltr'><strong>tum</strong></span> <span class='ocrx_word' id='word_1_159' title='bbox 906 2145 996 2200; x_wconf 87' lang='lat' dir='ltr'><strong>Roma</strong></span> <span class='ocrx_word' id='word_1_160' title='bbox 1016 2145 1138 2212; x_wconf 86' lang='lat' dir='ltr'><strong>Quirites</strong></span> 
     </span>
     <span class='ocr_line' id='line_1_21' title="bbox 427 2233 1093 2302; baseline 0.002 -16"><span class='ocrx_word' id='word_1_161' title='bbox 427 2233 517 2296; x_wconf 81' lang='lat' dir='ltr'><strong>Quum</strong></span> <span class='ocrx_word' id='word_1_162' title='bbox 536 2234 596 2287; x_wconf 90' lang='lat' dir='ltr'><strong>tarn</strong></span> <span class='ocrx_word' id='word_1_163' title='bbox 615 2233 766 2288; x_wconf 87' lang='lat' dir='ltr'><strong>facundum</strong></span> <span class='ocrx_word' id='word_1_164' title='bbox 785 2233 889 2288; x_wconf 85' lang='lat' dir='ltr'><strong>viderit</strong></span> <span class='ocrx_word' id='word_1_165' title='bbox 907 2233 1093 2302; x_wconf 81' lang='lat' dir='ltr'><strong>agricolam’·</strong></span> 
     </span>
    </p>
   </div>
   <div class='ocr_carea' id='block_1_5' title="bbox 0 0 1740 5124">
    <p class='ocr_par' dir='ltr' id='par_1_12' title="bbox 0 0 1740 5124">
     <span class='ocr_line' id='line_1_22' title="bbox 0 0 1740 5124; baseline 0 12"><span class='ocrx_word' id='word_1_166' title='bbox 0 0 1740 5124; x_wconf 95' lang='lat' dir='ltr'><strong> </strong></span> 
     </span>
    </p>
   </div>
  </div>
 </body>
</html>
