3470 5124
775 291 991 356 „50-

387 469 456 537 Col.
475 494 500 536 r.
518 494 542 537 r.
560 468 601 537 II
623 471 674 554 10,
695 471 751 536 ll:
1003 468 1100 554 Verg.
1121 467 1177 533 Oe.
1195 467 1235 532 I.:

296 581 349 645 vel
370 580 459 645 nitro
482 577 638 645 macerari
661 599 732 644 eam
757 581 789 642 ct
810 577 858 644 ita
957 575 1030 642 194.
1054 581 1083 640 et
1111 565 1193 640 uitro
1214 575 1309 658 prius
1330 579 1360 640 et
1379 574 1472 657 cipro

298 687 360 750 seri
383 686 516 770 placuit.
904 683 1091 767 perfundere
1112 701 1252 760 amurca,

341 790 492 858 “Laetior
509 798 545 858 rt
561 793 642 874 fctus
655 791 778 874 reliquis
794 790 856 872 sol·
958 789 1030 855 195.
1059 789 1211 872 pauor
1237 792 1273 853 rt
1296 789 1379 869 feru
1407 787 1471 853 sili-

298 898 413 964 lucitus
448 904 523 965 esset
562 904 591 964 ct
619 899 759 982 quumvis
792 898 860 980 ipat
912 897 982 979 quis
1002 896 1168 978 fallacitas
1190 899 1265 961 essct

296 1007 404 1090 eoique
421 1011 592 1090 properato
613 1002 815 1071 maderent''.'
958 1001 1031 1067 196.
1063 1007 1092 1067 ct
1111 1003 1253 1084 quemvis
1276 1001 1343 1084 torri
1363 1002 1470 1084 erigor

904 1114 1073 1194 properato
1095 1107 1271 1174 maderent?

388 1237 461 1303 Hoc
483 1237 516 1301 in
540 1238 612 1303 loco
635 1236 808 1301 verborum
831 1235 1011 1300 mutatione
1035 1234 1186 1317 scriptori
1205 1255 1271 1298 non
1293 1233 1358 1299 fuit
1381 1255 1469 1318 opus.

297 1343 487 1408 Memoriter
520 1342 732 1409 Columellam
760 1340 900 1427 Vergilii
932 1363 1043 1407 versus
1076 1340 1195 1405 citasse
1229 1340 1309 1405 mihi
1343 1341 1469 1424 quidem

298 1449 495 1516 Ribbeckius
515 1472 582 1516 non
599 1449 769 1535 persuasit
805 1447 911 1530 Immo
931 1448 1038 1514 codice
1052 1445 1191 1532 Vergilii
1209 1450 1357 1514 nostrum
1376 1468 1469 1511 usum

298 1579 368 1622 esse
393 1558 487 1623 credo
511 1580 531 1622 a
555 1556 679 1622 mendis
708 1578 774 1620 non
798 1555 913 1619 libero.
957 1554 1089 1620 Etenim
1118 1557 1233 1638 poetae
1260 1553 1374 1619 rustici
1403 1576 1469 1619 car·

298 1663 387 1728 mina
411 1663 600 1728 adulescens
624 1663 689 1727 iam
713 1661 748 1726 in
772 1661 897 1725 deliciis
921 1659 1046 1725 habuit.
1092 1659 1175 1735 Quid
1198 1661 1327 1745 mirum,
1350 1660 1378 1725 si
1400 1661 1469 1744 ipse

298 1771 478 1834 carminum
502 1769 683 1853 exemplum
704 1767 871 1852 possedit?
910 1767 1019 1851 Atque
1037 1789 1110 1832 cum
1125 1764 1264 1832 Senecae
1283 1765 1469 1852 philosophi

298 1877 461 1960 exemplar
493 1876 726 1958 interpolatum
759 1873 861 1938 fuisse
889 1872 1085 1938 Ribbeckius
1113 1895 1173 1938 nos
1207 1873 1366 1959 docuerit,
1397 1896 1468 1940 meo

296 1983 366 2046 iure
390 1980 589 2047 Columellas
625 1981 786 2066 agricolae
818 1980 906 2045 haud
938 1981 1084 2065 integrae
1112 1979 1260 2045 lectionis
1289 1981 1470 2066 exemplum

299 2088 524 2173 Vergilianum
549 2088 691 2152 tribucre
714 2087 795 2151 mihi
817 2087 937 2152 videor.

389 2214 496 2298 Atque
534 2212 685 2296 quoniam
723 2212 762 2276 de
799 2210 996 2277 Columellae
1032 2210 1112 2277 locis
1139 2208 1336 2295 Vergilianis
1373 2235 1468 2298 agere

299 2320 508 2404 coeperimus,
531 2320 596 2383 iam
620 2324 743 2384 ceteros
768 2340 908 2404 quoque,
933 2318 1138 2403 quiquidem
1163 2320 1355 2384 tractatione
1379 2320 1468 2405 digni

297 2425 377 2510 sint,
404 2427 492 2490 locos
516 2426 759 2509 perlustramus.
805 2424 930 2489 Omitto
954 2425 1114 2489 elementa
1131 2423 1322 2508 Vergiliana
1345 2425 1467 2490 decimo

243 2525 246 2529 ’
298 2531 344 2594 rei
354 2531 495 2596 rusticae
509 2531 592 2597 libro
608 2527 783 2596 inserta.22⁰
807 2529 932 2596 Omitto
946 2551 1058 2596 versus
1071 2553 1286 2616 versuumque
1301 2533 1468 2616 elementa,

301 2658 383 2721 quae
406 2637 475 2702 sine
498 2638 566 2702 ulla
588 2637 769 2703 variatione
795 2637 879 2702 etin
897 2636 1037 2723 Vergilii
1056 2641 1089 2702 et
1107 2639 1140 2702 in
1160 2636 1357 2704 Columellas
1375 2639 1468 2704 libris

297 2741 499 2828 leguntur.²²l
545 2742 669 2810 Omitto
694 2743 926 2828 discrepantias
954 2744 1225 2830 orthographicas
1254 2748 1287 2808 et
1309 2766 1468 2830 gramma-

297 2849 389 2934 ticas,
413 2871 495 2935 quac
519 2873 583 2934 qua
607 2873 644 2915 ex
669 2855 763 2934 parte
787 2852 985 2934 auctoribus,
1010 2873 1074 2935 qua
1098 2873 1136 2914 ex
1158 2855 1251 2934 parte
1276 2853 1390 2917 scribis
1414 2853 1466 2917 de-

297 2957 446 3042 beantur,
469 2958 523 3021 vix
548 2957 717 3042 quisquam
742 2958 893 3023 omnibus
915 2957 949 3021 in
973 2956 1054 3022 locis
1078 2955 1282 3022 diiudicet.²²²
1327 2958 1466 3025 Accura-

295 3062 360 3127 tius
384 3085 630 3148 percenseamus
653 3063 803 3128 lectionis
827 3065 1018 3147 varietates,
1046 3085 1129 3146 quae
1158 3069 1340 3148 supersunt.
1388 3065 1467 3131 Tres

297 3169 532 3255 discrepantiae
551 3170 659 3236 fontes
680 3193 778 3256 supra
796 3171 992 3237 invenimus:
1015 3171 1156 3254 primum
1172 3170 1351 3236 Columella
1369 3171 1468 3237 inter·

295 3277 408 3359 polato
432 3277 541 3342 codice
564 3276 758 3362 Vergiliano
781 3300 859 3342 usus
884 3287 947 3361 est,
976 3277 1091 3342 deinde
1120 3279 1244 3343 scribae
1268 3277 1466 3345 Columellas

296 3385 421 3446 textum
450 3388 675 3469 corruperunt,
707 3388 776 3449 tum
801 3383 981 3450 Columella
1008 3384 1047 3449 de
1074 3384 1234 3449 industria
1258 3384 1466 3469 Vergilianos

295 3509 407 3552 versus
431 3489 578 3554 mutavit.

385 3611 494 3697 Atque
519 3611 716 3679 Columellas
745 3615 942 3700 interpolato
971 3615 1071 3681 codici
1095 3615 1283 3701 Vergiliano
1306 3616 1386 3681 haec
1413 3617 1466 3681 de·
1542 3711 1547 3720 .

295 3716 365 3783 beri
388 3740 517 3785 censeo:

384 3867 409 3909 r.
431 3867 456 3910 r.
481 3845 505 3910 Ι.
527 3847 559 3931 4,
582 3846 616 3912 4:
645 3846 771 3913 ‘Ventos
792 3853 822 3913 et
839 3849 1003 3930 proprium
1021 3844 1155 3935 (Coos.)
1177 3849 1254 3914 coeli
1275 3849 1467 3930 praediscere

295 3949 420 4016 morcm’
436 3982 478 4004 =
494 3951 590 4038 Verg.
614 3951 669 4018 Ge.
692 3954 717 4018 I.
740 3955 799 4020 51:
824 3954 844 4020 ³.
863 4005 895 4020 ..
916 3960 945 4020 ct
966 3956 1090 4020 corium
1113 4005 1119 4018 .
1139 4006 1146 4021 .
1166 3953 1186 4019 .'

384 4098 408 4140 r.
432 4099 456 4141 r.
480 4075 537 4140 lII.
562 4079 596 4163 2,
626 4079 683 4143 29:
717 4078 845 4144 ‘discere
876 4101 970 4162 quom
1005 4081 1120 4145 multae
1150 4079 1278 4165 acptpro
1308 4085 1466 4145 ocrscatarr

294 4178 433 4247 harenae’
456 4213 497 4235 =
512 4183 612 4269 Verg.
635 4184 690 4250 Ca.
713 4185 755 4250 11.
780 4187 856 4252 106:
881 4185 900 4252 ἱ
920 4237 953 4252 ..
977 4182 1182 4252 trrtcrtrr²²³
1199 4233 1208 4250 .
1228 4236 1235 4250 .
1254 4185 1274 4249 .'

383 4329 408 4372 r.
429 4329 454 4371 r.
477 4306 535 4372 III.
560 4307 611 4392 15,
634 4310 669 4374 4:
701 4309 781 4376 ‘Hor
810 4312 864 4377 :rbi
892 4311 997 4376 diolco
1023 4311 1077 4376 sr'tr'
1102 4312 1197 4394 findit
1227 4311 1315 4376 caris
1341 4310 1466 4392 aestifer

294 4412 383 4479 aroo'
404 4412 556 4499 ==Verg
581 4414 637 4480 Ge.
660 4414 700 4480 II.
725 4419 803 4483 352:
827 4417 847 4482 ἵ
867 4465 902 4482 ..
925 4418 1055 4501 aestipcr
1078 4470 1084 4483 .
1104 4469 1110 4482 .
1130 4417 1149 4483 ·.'
1464 4413 1465 4416 '
