3470 5124
795 347 1016 410 ..46-

413 523 525 607 Ipsum
553 523 653 589 uelim
682 523 820 607 aspicias
849 522 1080 608 calendarium,
1108 523 1195 607 quod
1223 522 1363 589 seeundo
1392 524 1497 610 capite

321 631 513 697 continetur.
568 629 646 696 Non
688 629 826 718 singulis
864 629 977 694 diebus
1019 630 1164 714 singulos
1207 630 1349 696 siderum
1387 634 1496 697 motus

322 737 450 803 additos
474 737 530 803 sed
548 737 672 802 multos
696 737 764 802 dies
787 736 999 822 intermissos,
1027 758 1124 820 saepe
1147 737 1287 822 singulis
1315 737 1496 824 complures

321 843 460 908 siderum
489 846 783 930 tempestatumque
817 847 912 909 notas
941 843 1099 928 ascriptas
1132 864 1202 908 esse
1229 843 1362 910 videbis.
1408 843 1496 920 Quae

323 972 395 1016 cum
420 950 690 1030 consideraveris,
718 971 814 1035 quem
842 949 882 1014 ad
912 948 1011 1013 finem
1034 947 1216 1015 Columella
1239 952 1317 1015 anni
1341 951 1498 1036 composi-

320 1057 442 1123 tionem
479 1057 574 1122 vilico
612 1060 794 1123 enarratam
831 1055 985 1139 voluerit,
1027 1055 1093 1120 iam
1130 1057 1315 1141 perspicies.
1368 1055 1495 1142 Nempe

321 1163 412 1229 vilici
436 1186 535 1248 opera
558 1165 590 1228 in
611 1164 858 1229 semimenstrua
877 1162 1036 1228 distracta
1053 1170 1244 1228 narraturus
1264 1167 1497 1250 tempestatum

322 1271 528 1356 siderumque
542 1270 704 1336 rationem
719 1291 815 1354 quam
830 1270 968 1334 maxime
989 1272 1190 1335 contractam
1205 1271 1337 1336 addidit
1375 1270 1497 1335 Deinde

322 1377 539 1462 reminiscere,
562 1399 692 1462 quaeso,
715 1398 753 1441 ex
768 1374 917 1442 Caesaris
941 1374 1197 1462 temporibus,²¹⁰
1220 1378 1275 1462 qui
1298 1399 1383 1442 anuo
1406 1376 1496 1442 urbis

324 1484 613 1569 septingentesimo
642 1486 755 1549 octavo
783 1482 888 1549 fastos
911 1482 1102 1567 pontificum
1132 1483 1263 1548 lieentia
1286 1485 1440 1550 miserum
1462 1484 1497 1548 in

322 1591 454 1655 modum
478 1591 687 1674 perturbatos
711 1589 868 1676 Sosigene
890 1590 997 1674 perito
1022 1589 1177 1655 scientiae
1197 1590 1264 1656 eius
1289 1590 1437 1656 adhibito
1458 1589 1498 1654 ad

322 1697 402 1762 solis
426 1719 555 1762 cursum
584 1698 631 1762 ita
658 1696 842 1780 redegerat,
869 1699 907 1760 ut
936 1694 1039 1761 reteri
1071 1696 1224 1780 agricolis
1253 1695 1399 1779 opinioni
1426 1719 1499 1762 con-

323 1806 437 1887 ceptae
461 1794 653 1888 aptarentur
679 1801 810 1886 publica
838 1799 1053 1888 sacrifieia‚²¹¹
1080 1802 1301 1886 reminiscere,
1329 1803 1497 1869 doctorum

323 1914 486 1976 catervam
515 1910 676 1975 fastorum
708 1907 830 1973 indices
859 1907 997 1973 edidisse
1025 1909 1076 1973 vel
1106 1908 1247 1975 siderum
1275 1910 1418 1975 motibus
1446 1910 1497 1974 rel

322 2019 555 2101 tempestatum
589 2015 810 2100 praedictione
841 2015 892 2080 rel
926 2014 999 2080 aliis
1032 2015 1311 2100 adnotationibus,
1345 2015 1405 2101 eis,
1444 2015 1497 2099 qui

321 2123 483 2209 legerant,
511 2123 596 2188 haud
619 2123 789 2188 inutilibus
814 2124 996 2187 exornatos.
1041 2119 1211 2206 Compara,
1237 2145 1367 2207 quaeso,
1394 2123 1498 2188 calen-

324 2229 407 2294 darii
430 2229 538 2294 locum
566 2251 589 2293 r.
613 2251 638 2293 r.
661 2227 710 2293 XI
732 2229 770 2310 2,
796 2228 854 2294 49:
887 2226 1013 2292 ‘Octauo
1039 2233 1068 2292 et
1096 2227 1173 2294 VII.
1196 2234 1224 2294 et
1251 2229 1306 2295 VI.
1330 2227 1397 2295 Cal.
1419 2228 1499 2294 Iulii

322 2337 497 2418 solstitium,
521 2335 683 2401 Fauonius
709 2334 849 2399 etculm'
872 2355 946 2398 cum
966 2334 1097 2400 secundi
1115 2335 1192 2400 libri
1211 2336 1293 2419 loco,
1312 2358 1408 2420 quem
1427 2359 1499 2402 cum

325 2443 492 2526 scriberet,
520 2445 668 2506 nostrum
693 2441 911 2506 astronomiae
934 2462 998 2505 non
1023 2442 1134 2506 rudem
1158 2442 1260 2507 fuisse
1284 2465 1381 2527 supra
1405 2465 1499 2527 erpo·

325 2550 463 2614 suimus:
494 2571 519 2615 r.
542 2571 567 2612 r.
591 2547 683 2632 114,
706 2548 741 2612 4:
770 2538 961 2633 ‘solstitium
988 2550 1070 2631 quod
1090 2554 1134 2615 est
1155 2570 1272 2616 nonum
1293 2551 1340 2616 vel
1362 2556 1500 2617 mtuuum

321 2653 448 2721 Colend.
472 2651 599 2720 Iulius?

409 2760 479 2826 Iam
508 2761 663 2827 concedes
686 2783 753 2826 non
780 2783 853 2828 esse
882 2761 1029 2848 dubium,
1061 2763 1139 2847 quin
1163 2761 1344 2828 Columella
1367 2765 1498 2831 vilicum

324 2871 540 2936 instructurus
567 2890 634 2933 non
661 2869 731 2953 ipse
761 2890 879 2934 novam
912 2870 1146 2952 ephemeridem
1181 2871 1412 2956 construxerit,
1443 2872 1500 2937 sed

324 2999 421 3062 quam
444 2976 651 3042 notissimum
674 2975 890 3040 calendarium
920 2976 1138 3060 exscripserit.
1184 2975 1358 3062 Scriptoris
1380 3000 1500 3044 nomen

328 3088 385 3149 aut
408 3083 556 3150 consulto
580 3081 712 3148 reticuit
739 3084 796 3147 aut
822 3081 892 3166 ipse
921 3083 1093 3168 ignoravit.
1139 3082 1293 3149 Attamen
1318 3084 1353 3148 in
1376 3085 1500 3150 dierum

328 3194 537 3276 motuumque
559 3190 698 3256 siderum
719 3192 893 3274 conspectu
911 3211 977 3254 non
997 3190 1106 3256 omnia
1125 3189 1268 3255 auctoris
1292 3189 1432 3276 vestigia
1453 3191 1502 3256 in·

328 3299 495 3363 terierunt.
533 3295 639 3372 Quid?
667 3297 815 3382 quodne
839 3318 859 3361 a
881 3295 1012 3363 nomine
1035 3297 1164 3380 quidem
1188 3297 1257 3362 eius
1281 3298 1420 3363 eruendo
1443 3298 1504 3362 viri

332 3405 420 3470 docti
444 3427 478 3469 se
502 3404 745 3470 continueruntl

412 3509 501 3574 Sexti
525 3511 611 3575 enim
635 3513 712 3594 post
730 3508 896 3575 Christum
915 3515 1028 3576 natum
1048 3510 1170 3576 saeculi
1188 3512 1336 3596 scriptor,
1358 3511 1497 3577 Ioannes

322 3616 441 3701 Lydus,
464 3616 548 3681 libro
572 3637 640 3699 suo,
664 3615 703 3680 de
726 3617 864 3680 ostentis
887 3617 1056 3701 inscripto,
1080 3619 1172 3703 quasi
1196 3622 1420 3684 ornamentum
1445 3619 1497 3684 ad-

324 3723 406 3788 didit
420 3722 648 3806 calsndarium,
666 3722 717 3786 cui
733 3721 933 3787 inscribitur:
957 3719 1154 3808 ‘'Eodpspoe
1172 3733 1233 3789 τοῦ
1251 3725 1373 3802 παντὸς
1386 3723 1496 3790 ἐνιαυ-

323 3838 383 3895 τοῦ
406 3830 427 3914 ἤ
450 3852 534 3912 poor
553 3831 730 3913 oppeterem
748 3826 909 3894 ἐπινολῶν
927 3852 961 3894 τε
979 3827 1035 3894 καὶ
1054 3831 1191 3914 δυσμῶν
1213 3842 1281 3897 τῶν
1305 3831 1342 3897 ἐν
1365 3831 1496 3920 οὐρανῷ

321 3933 535 4023 φαινομένων
564 3935 601 4000 ἐκ
627 3945 693 4001 τῶν
722 3937 896 4001 Κλαυδίου
928 3945 988 4002 τοῦ
1020 3937 1174 4002 Θούσαου
1206 3933 1284 4002 καθ’
1320 3934 1497 4025 ἑρμηνείαν

323 4045 406 4127 πρὸς
428 4039 538 4121 regau?
576 4039 747 4108 Claudium
770 4044 821 4108 vel
840 4042 989 4109 Clodium
1013 4044 1106 4108 illum
1120 4044 1262 4110 Tuscum
1277 4044 1368 4128 Lydo
1383 4046 1496 4111 Etrus·

324 4173 395 4216 eum
420 4150 552 4215 natione
575 4149 682 4215 visum
706 4171 776 4214 esse
800 4153 936 4233 apparet
955 4171 994 4215 ex
1012 4150 1087 4214 libri
1106 4149 1145 4214 de
1165 4151 1300 4215 ostentis
1324 4152 1429 4237 capite
1447 4152 1497 4230 71,

322 4256 379 4320 ubi
403 4255 547 4340 scripsit:
571 4253 637 4321 ‘aul
655 4263 757 4320 ταῦτα
775 4253 836 4340 μὲν
859 4255 1052 4333 exsertos
1074 4255 1110 4321 ἐκ
1132 4267 1201 4321 τῶν
1223 4257 1311 4343 παρὰ
1334 4258 1499 4336 Θούσκοις

327 4362 425 4444 ἱερῶν
447 4361 530 4446 πρὸς
552 4359 662 4440 λέξιν]

419 4467 470 4534 Ad
494 4466 643 4533 Clodium
666 4468 807 4536 Tuscum
831 4471 989 4556 quandam
1019 4471 1145 4536 litteras
1174 4471 1262 4536 dedit
1286 4469 1416 4537 Sinnius
1441 4471 1500 4538 Ca·
