3470 5124
830 304 1053 369 ,32-

263 487 265 490 ’
356 483 462 546 toturn
482 481 528 545 rei
542 481 681 546 rusticae
696 502 812 566 corpus
832 482 974 566 quinque
997 483 1090 549 libris
1105 483 1292 568 complexus
1308 481 1412 550 est.¹⁶⁰
1448 485 1529 552 Tum

357 589 524 672 utriusque
548 588 699 672 operibus
726 585 868 654 nixus¹⁶¹
891 589 992 655 lulius
1018 585 1210 676 Graecinus,
1232 591 1406 677 Agricolae
1430 595 1530 677 pater,

356 694 482 759 duobus
515 694 607 760 libris
640 694 756 760 vitium
791 717 900 761 curam
933 699 1106 762 enarravit.
1151 697 1221 763 Nec
1251 720 1317 763 non
1350 698 1529 764 Columella

355 801 435 885 ipse,
458 804 494 866 ut
517 803 636 866 multos
660 824 718 886 per
743 825 843 868 annos
868 804 956 888 agris
980 804 1122 870 colendis
1146 804 1272 871 deditus
1295 805 1329 870 in
1353 827 1387 870 re
1410 807 1530 871 rustica

357 930 560 992 summopere
589 909 742 993 profecit,
771 909 819 974 ita
852 911 1036 976 litterarum
1065 912 1219 977 scientiae
1243 912 1376 977 studuit.
1422 910 1528 977 Libris

356 1018 425 1079 tum
445 1015 634 1099 compositis
654 1017 894 1101 astrologorum
914 1017 1121 1084 ariolationcs
1141 1040 1211 1084 sese
1230 1040 1436 1104 oppugnasse
1457 1019 1526 1103 ipse

355 1120 568 1188 memorat.¹⁶‘'’
603 1121 694 1188 Idem
717 1123 914 1188 domicilium
939 1126 1086 1190 mutavit.
1123 1124 1267 1190 Primum
1287 1126 1374 1191 enim
1397 1127 1430 1190 in
1450 1147 1528 1211 agro

355 1229 533 1295 Ardeatino
551 1229 723 1313 habitavit,
746 1229 860 1294 deinde
878 1231 913 1294 in
929 1231 1067 1316 Albano,
1090 1233 1161 1296 tum
1184 1233 1218 1296 in
1234 1230 1429 1297 Carseolano
1449 1252 1528 1316 agro

353 1336 485 1419 praedia
508 1336 596 1421 emit,
618 1339 819 1421 postremum
843 1336 877 1402 in
897 1334 1061 1403 Caeritum
1085 1339 1203 1404 finibus
1223 1339 1331 1404 sedem
1350 1339 1529 1405 collocavit.

354 1441 474 1508 Omnes
498 1463 576 1528 ergo
604 1442 806 1508 suburbanae
834 1444 976 1529 regionis
1001 1445 1202 1511 conditiones
1231 1447 1393 1531 cognovit.
1438 1444 1528 1510 Idem

353 1551 473 1614 multos
506 1571 564 1633 per
597 1571 699 1615 annos
732 1550 766 1613 in
797 1549 894 1615 ltalia
922 1555 1069 1616 versatus
1099 1557 1132 1617 et
1159 1552 1288 1617 rusticis
1317 1555 1350 1616 et
1373 1551 1528 1617 litteratis

352 1653 537 1722 hominibus
571 1655 779 1720 familiariter
811 1657 972 1723 utebatur.
1022 1656 1126 1743 Idem,
1158 1662 1195 1723 ut
1226 1659 1292 1722 iam
1324 1659 1449 1723 iuvenis
1481 1657 1528 1723 rei

353 1760 493 1828 rusticae
519 1761 666 1827 doctrina
689 1767 818 1847 praeter
838 1763 959 1829 vicinos
978 1764 1142 1852 floruerat,
1164 1765 1211 1830 ita
1229 1768 1336 1830 aetate
1355 1768 1527 1849 provectus

353 1889 550 1954 permagnus
580 1867 715 1952 peritiae
748 1869 869 1934 famam
901 1876 1093 1936 consecutus
1127 1876 1183 1936 est.
1235 1870 1339 1956 Idem,
1371 1876 1408 1936 ut
1437 1871 1526 1956 prius

355 1996 449 2040 suum
473 1995 553 2060 opus
583 1977 741 2041 rusticum
765 1977 948 2042 obsoletum
973 1998 1042 2042 esse
1066 1978 1236 2062 intellexit,
1259 1979 1306 2043 ita
1327 2000 1431 2063 neque
1455 2000 1527 2044 cum

356 2081 476 2166 Attico,
500 2079 605 2168 Celso,
629 2081 787 2148 Graecino
806 2105 911 2168 neque
930 2106 1003 2148 cum
1022 2084 1238 2169 agricolarum
1257 2085 1411 2168 opinione
1430 2083 1527 2168 plane

355 2190 527 2254 consensit.
574 2188 657 2266 Quid
686 2191 820 2270 mirum,
852 2192 880 2255 si
907 2189 1015 2256 Publii
1039 2189 1168 2276 Silvini,
1201 2191 1364 2277 agricolae
1387 2192 1528 2276 finitimi,

354 2295 504 2378 precibus
519 2293 739 2360 obsecutus¹⁶³
753 2319 838 2362 nova
856 2296 1077 2362 rusticationis
1096 2301 1269 2382 praecepta
1283 2297 1376 2362 edere
1393 2299 1528 2364 statuit?

352 2402 459 2486 Atque
482 2405 553 2466 tum
577 2403 707 2488 quidem
730 2403 841 2468 decem
864 2403 957 2469 libris
978 2426 1090 2469 omnes
1113 2403 1160 2468 rei
1178 2404 1318 2470 rusticae
1338 2404 1525 2489 disciplinas

351 2529 500 2573 enarrare
523 2509 666 2574 animum
689 2506 874 2575 induxitl64
920 2513 950 2574 A
968 2510 1060 2575 fundi
1084 2510 1294 2596 dispositione
1313 2510 1421 2594 primo
1440 2511 1525 2577 libro

350 2614 514 2698 profectus
543 2616 683 2681 secundo
712 2617 875 2682 volumine
904 2617 975 2702 agri
1004 2617 1179 2697 culturam,
1211 2618 1317 2682 tribus
1341 2618 1434 2684 libris
1458 2640 1525 2683 sur·

351 2723 495 2787 culorum
510 2744 631 2808 euram,
655 2723 781 2789 duobus
801 2746 869 2789 rem
884 2725 1078 2809 pecuariam,
1102 2725 1227 2789 duobus
1247 2725 1406 2790 villaticas
1425 2726 1525 2809 pasti·

351 2853 445 2914 ones,
467 2852 532 2895 uno
555 2830 721 2896 volumine
743 2830 832 2897 horti
856 2831 1015 2897 culturam
1039 2835 1180 2897 tractare
1210 2831 1360 2897 decrevit.
1405 2831 1524 2897 Totum

350 2959 431 3021 opus
454 2937 502 3002 rei
526 2939 664 3002 rusticae
688 2937 790 3004 libros
814 2935 1032 3023 inscripsit¹⁶⁵
1078 2937 1227 3003 Obsoleti
1247 2939 1353 3023 operis
1377 2943 1524 3004 nostrum

350 3043 544 3110 nonfacere
568 3045 766 3110 mentionem
790 3045 857 3109 iam
880 3045 955 3111 dixi.
1001 3044 1126 3110 Tamen
1150 3067 1223 3110 eum
1249 3045 1414 3130 prioribus
1433 3068 1523 3130 prae-

350 3151 452 3235 ceptis
477 3173 598 3238 magna
621 3174 659 3217 ex
682 3156 774 3238 parte
802 3152 863 3218 niti
892 3154 1030 3219 constat.
1077 3152 1166 3229 Quae
1195 3174 1234 3217 ex
1260 3152 1441 3237 praeceptis
1469 3152 1524 3216 tri·

349 3259 443 3342 ginta
466 3261 560 3325 annis
584 3262 658 3325 ante
681 3258 871 3343 compositis
900 3281 1018 3324 novam
1047 3259 1081 3323 in
1111 3259 1287 3324 editionem
1310 3259 1524 3341 transtulerit,

349 3364 461 3428 eodem
485 3365 597 3430 ordine
620 3367 723 3450 repeti
747 3387 845 3449 supra
867 3365 932 3430 iam
956 3364 1145 3450 significavi.
1187 3363 1259 3440 Qua
1281 3387 1319 3430 ex
1342 3368 1437 3449 parte
1460 3365 1524 3449 pri-

350 3471 470 3536 stinam
503 3471 686 3554 opinionem
714 3472 897 3553 retinuerit,
928 3493 992 3556 qua
1019 3493 1058 3536 ex
1085 3474 1178 3555 parte
1202 3471 1396 3536 sententiam
1419 3477 1523 3537 muta·

349 3577 441 3664 verit,
465 3598 529 3661 quo
553 3577 682 3643 facilius
700 3578 888 3662 perspicias,
912 3577 989 3642 libri
1011 3578 1051 3642 de
1070 3578 1239 3643 arboribus
1258 3577 1419 3663 triumque
1443 3579 1523 3642 alte-

350 3684 417 3748 rius
437 3683 544 3767 operis
564 3684 767 3749 voluminum
787 3683 991 3749 surculorum
1010 3707 1119 3750 curam
1139 3684 1373 3750 continentium
1393 3685 1522 3749 ordines

348 3791 387 3855 de
411 3791 540 3876 integro
563 3791 649 3857 inter
671 3812 705 3856 se
729 3813 961 3875 comparemus.

438 3898 476 3962 de
499 3898 683 3963 arboribus:
1050 3921 1076 3966 r.
1098 3920 1138 3964 r.:

392 4026 460 4089 cap.
485 4006 514 4071 1.
560 4003 731 4085 ‘Quoniam
762 4007 798 4070 dc
825 4006 908 4071 culta
1005 4003 1062 4074 ΙΙΙ,
1082 4027 1150 4090 cap.
1171 4007 1197 4070 1.
1240 4003 1411 4071 ‘Hactenus
1433 4025 1521 4070 arao·

346 4132 494 4194 αραααααα
508 4111 741 4197 αόααάαααααο
754 4112 908 4178 columine
960 4132 1032 4177 ram
1053 4113 1161 4198 mitur,
1183 4116 1220 4177 ut
1235 4112 1282 4177 uit
1290 4112 1521 4195 pcatautissi·

344 4219 532 4302 pruoeepbse
549 4221 698 4306 αι’ἅαααν,
719 4240 783 4286 noa
801 4221 907 4285 αἀίααα-
959 4239 1029 4284 mua
1045 4209 1140 4301 poeta
1163 4267 1170 4282 .
1190 4267 1225 4284 ..
1266 4217 1306 4284 P.
1326 4217 1446 4286 Silvine

231 4330 234 4334 ’
342 4326 681 4408 pestioucriturborurn
690 4327 905 4412 oirpultorum-
959 4325 1105 4406 Sequitur
1135 4325 1281 4390 ααόανααα
1317 4347 1406 4410 cara,
1442 4345 1521 4408 puae

346 4452 403 4514 oue
416 4453 501 4518 curu,
523 4435 661 4516 puaeoel
679 4436 907 4517 mucimupors
954 4451 1033 4512 pars
1064 4431 1110 4495 rei
1140 4433 1272 4498 rusticam
1302 4433 1348 4498 vel
1379 4433 1519 4498 mama
