3470 5124
330 485 368 550 de
383 485 570 550 arboribus:

768 307 989 372 ...34-

613 585 762 655 adescam
771 505 1056 668 ueldddtiusionem
1065 588 1233 670 deponitur.
1253 587 1309 652 Ad
1315 607 1469 653 escam...

501 770 504 775 ,
613 697 687 777 ἕ3.
729 698 775 762 At
800 696 854 760 ubi
886 695 957 760 aino
989 693 1191 776 consulimus,
1227 695 1299 758 citis
1336 693 1468 776 elipitur,

611 823 690 885 perae
712 851 752 884 .,.
775 852 782 866 .
826 803 845 882 ξ
867 803 919 866 24.
932 801 1073 866 Alluelis
1095 801 1212 883 utilior,
1235 804 1270 865 nt
1290 802 1338 865 ait
1355 797 1467 885 Celsus,

612 911 647 973 in
664 909 737 974 colle
754 929 849 991 qnam
866 910 902 973 in
920 927 1034 991 campo.
1072 906 1159 988 §dia
1180 907 1319 972 Tertium
1333 909 1469 991 pradum

611 1016 689 1089 tacit
710 1036 818 1080 earnem
841 1013 1012 1080 Celsus...
1058 1015 1077 1094 ἓ
1102 1014 1153 1079 28.
1177 1013 1264 1078 Nam
1286 1013 1344 1080 lias
1371 1034 1470 1098 nemer

612 1121 691 1187 milri
709 1123 853 1206 capnitas,
866 1121 1074 1203 perpulanam
1092 1119 1157 1184 dica
1175 1124 1205 1184 et
1221 1120 1359 1186 irtiolam
1374 1121 1468 1202 ferec-

613 1229 742 1311 lcmpua
764 1250 827 1294 non
847 1227 941 1309 facile
963 1246 1137 1308 asseverem,
1160 1247 1219 1308 quo
1239 1228 1342 1309 produ
1359 1227 1468 1292 halen-

613 1337 671 1400 dae
691 1336 770 1400 sint:
793 1334 875 1417 qnod
895 1334 952 1398 etsi
974 1333 1051 1398 satis
1071 1332 1220 1414 fecundas
1241 1335 1312 1418 seio,
1333 1336 1471 1401 nondum

613 1447 717 1508 tamen
738 1443 775 1508 de
797 1442 929 1507 bonitate
950 1441 1030 1524 uini,
1062 1440 1144 1522 quod
1171 1439 1308 1519 afferunt
1334 1442 1472 1506 iudicare

565 1617 567 1621 ,
606 1551 708 1631 potui.
744 1555 763 1628 ἓ
779 1549 831 1614 29.
847 1548 954 1614 Multa
967 1550 1129 1630 praeterea
1141 1550 1215 1610 sunt
1224 1567 1336 1629 ponera
1351 1549 1469 1626 uitium,

614 1675 747 1738 quarum
760 1676 814 1720 nec
831 1674 994 1720 nnmerum
1012 1673 1066 1718 nee
1081 1653 1301 1736 appellationes
1314 1659 1396 1720 certa
1407 1657 1469 1738 fide

614 1762 727 1843 referre
743 1782 918 1845 possumus.
956 1759 1086 1842 “Neque
1108 1757 1228 1838 enim'',
1250 1767 1286 1825 ut
1307 1762 1471 1845 aitpoeta,

615 1867 765 1932 ‘numera
779 1867 1025 1950 comprehendere
1038 1867 1131 1946 refert
1148 1915 1156 1928 .
1171 1914 1180 1929 .
1198 1863 1220 1893 ''
1259 1869 1278 1948 ἕ
1294 1868 1345 1932 31.
1370 1867 1472 1948 Quare

609 1977 774 2058 prudentis
800 1974 943 2056 mapistri
970 1977 1014 2037 est
1040 1972 1190 2037 eiusmodi
1220 1975 1472 2040 nomenclationis

614 2084 756 2165 maupia,
775 2102 833 2164 qna
842 2081 941 2164 potiri
954 2083 1113 2163 nequeant,
1131 2080 1283 2145 studiosos
1296 2101 1358 2146 non
1376 2083 1472 2146 demo-

614 2191 691 2273 rari,
715 2190 768 2254 sed
779 2189 860 2254 illud
873 2189 909 2252 in
923 2191 1018 2251 tctnm
1027 2187 1212 2270 praecum,
1231 2188 1313 2268 quod
1324 2191 1353 2251 et
1368 2185 1473 2253 Celsus

614 2297 661 2361 ait
691 2301 720 2360 et
746 2300 817 2361 ante
845 2315 914 2360 crim
941 2293 986 2360 M.
1010 2292 1086 2359 Cato
1109 2343 1118 2359 .
1142 2342 1149 2357 .
1177 2299 1268 2376 atquc
1294 2293 1348 2358 ubi
1374 2294 1474 2359 nauita

614 2402 789 2468 inuitabant
810 2403 943 2484 repionis
965 2401 1135 2486 commoda,
1162 2405 1199 2464 ut
1225 2399 1357 2465 nobilem
1383 2401 1473 2466 uitem

614 2529 819 2587 coeperamus,
839 2527 1019 2590 penerosam
1037 2508 1235 2590 requiremus,
1255 2507 1358 2588 inquit
1370 2506 1475 2572 Iulius

617 2613 821 2680 Graecinus.
845 2664 883 2678 ..
931 2611 994 2679 Sed
1014 2615 1051 2678 de
1072 2613 1131 2678 nae
1157 2613 1310 2679 sententia
1332 2632 1388 2679 sno
1412 2614 1474 2678 laco

613 2741 686 2786 man
708 2721 817 2787 dicam.

659 2849 729 2910 cap.
751 2826 781 2891 3.
828 2827 934 2905 Nunc,
952 2827 1143 2910 prinsquam
1165 2829 1202 2892 de
1224 2826 1342 2892 satione
1363 2827 1474 2892 attium

615 2934 780 3016 disseram,
811 2953 875 2998 non
906 2933 1044 2998 aliemcm
1071 2937 1148 3015 puto
1178 2933 1335 3014 quoddam
1361 2933 1475 3014 funda-

615 3043 751 3104 mmtum
769 3040 867 3105 iacere
883 3040 1090 3121 disputationi
1105 3038 1240 3120 futurae,
1262 3043 1298 3103 nt
1319 3043 1391 3104 ante
1404 3061 1475 3122 per-

611 3167 742 3228 pensum
764 3151 794 3210 et
819 3146 1011 3228 deploratum
1040 3145 1220 3230 lalemnus,
1250 3165 1295 3210 an
1323 3145 1477 3227 locupletet

611 3252 894 3336 patremfamilias
911 3253 1074 3317 vinearum
1092 3251 1193 3316 cultus
1211 3302 1217 3316 .
1240 3299 1248 3317 .
1266 3301 1273 3315 .
1313 3251 1377 3331 §d
1400 3273 1476 3317 nam

614 3362 651 3425 de
672 3360 797 3425 arbusto
820 3360 913 3424 etiam
935 3359 1015 3422 inter
1038 3362 1175 3422 auctores
1197 3377 1260 3422 non
1283 3360 1395 3442 ecipua
1412 3381 1472 3438 pu-

612 3486 677 3548 pua
696 3466 769 3547 suit,
793 3465 942 3530 abnuente
957 3462 1095 3530 Saserna
1114 3484 1211 3548 gmns
1229 3465 1266 3528 id
1281 3465 1376 3545 reseris,
1402 3466 1472 3530 Tre

615 3572 716 3637 mellic
739 3573 874 3637 manime
890 3570 1051 3654 medante,
1073 3572 1171 3635 sedet
1191 3569 1272 3636 lane
1288 3573 1469 3637 sententiam

614 3699 670 3743 sno
694 3678 756 3743 loco
778 3677 1009 3742 aestimabimus
1028 3729 1034 3742 .
1055 3727 1060 3741 .
1081 3725 1089 3742 .
1110 3678 1177 3742 iam
1192 3676 1240 3742 M.
1259 3675 1334 3743 Octa
1352 3681 1381 3741 et
1398 3697 1469 3742 mou

619 3784 779 3850 Terentius
804 3784 903 3849 Varro
921 3783 1070 3865 prodidit,
1092 3783 1216 3866 sinpnla
1238 3785 1344 3866 lupera
1365 3785 1468 3849 cinea-

614 3912 686 3957 rnm
709 3911 845 3957 sescenas
866 3909 966 3955 urnas
987 3891 1054 3954 uini
1069 3891 1257 3974 praebuisse.
1303 3893 1323 3971 ἕ
1347 3891 1377 3955 3.
1408 3889 1471 3956 Sed

615 3998 813 4063 Nomentana
848 3998 930 4080 repia
965 4018 1048 4062 nunc
1084 3997 1276 4062 celeberrima
1305 3998 1395 4077 fama
1426 4003 1470 4063 cst

615 4105 748 4170 illustris
771 4153 831 4170 ...
854 4124 930 4168 nam
956 4105 1015 4170 illa
1037 4105 1178 4169 uidentur
1194 4103 1411 4187 prodipialiter
1432 4105 1469 4168 in

615 4212 729 4276 nostris
750 4208 925 4276 Caeretanis
947 4212 1092 4277 curasse
1115 4258 1175 4274 ...
1215 4212 1234 4291 ἕ
1258 4211 1289 4273 4.
1312 4208 1377 4274 Cur
1399 4231 1468 4293 erpa

615 4337 664 4382 res
685 4316 817 4398 infamis
839 4317 904 4383 est?
926 4338 989 4383 non
1011 4317 1133 4398 peridem
1151 4335 1206 4381 suo
1228 4315 1282 4381 sed
1298 4315 1468 4402 hominum,

616 4425 724 4508 inquit,
745 4425 828 4505 uitia,
853 4424 1025 4490 Graecinus
1047 4471 1055 4487 .
1075 4471 1108 4486 ..
1153 4424 1222 4502 §l
1244 4423 1297 4488 sed
1318 4427 1353 4487 nt
1373 4421 1470 4490 Grae·
