3470 5124
751 373 970 439 ..75-

269 548 384 619 poteris,
403 565 467 608 cum
486 548 553 619 quid
573 548 716 605 consulere
734 549 822 620 voles,
841 548 946 604 Hieron
961 548 1070 604 Siculus
1085 550 1114 603 et
1127 547 1242 605 Attalus
1256 549 1445 606 Philometor:

271 638 306 692 de
328 636 502 709 philosophis
525 637 699 695 Democritus
726 637 873 709 physicus,
898 636 1055 708 Xenophon
1078 638 1251 706 Socraticus,
1276 636 1444 693 Aristoteles

271 729 300 782 et
318 726 527 796 Theophrastus
545 725 734 795 peripatetici,
752 724 890 794 Archytas
908 724 1134 796 Pythagoraeus,
1153 727 1223 782 item
1242 727 1445 798 Amphilochus

270 813 459 883 Atheniensis,
474 813 638 884 Anaxipolis
659 813 787 882 Thasius,
802 812 990 885 Apollodorus
1008 814 1149 885 Lemnius,
1165 815 1366 886 Aristophanes
1376 816 1444 870 Mal-

269 904 354 972 lotes,
381 903 539 972 Antigonus
563 902 716 973 Cymaeus,
739 902 912 973 Agathocles
936 903 1035 974 Chius,
1058 904 1224 974 Apollonius
1248 904 1445 974 Pergamenus,

269 992 450 1048 Aristandros
469 992 660 1061 Atheniensis,
680 992 817 1047 Bacchius
837 992 971 1060 Milesius,
991 992 1063 1048 Bion
1082 992 1193 1062 Soleus,
1214 993 1397 1050 Chaeresteus
1417 996 1446 1049 et

271 1080 407 1137 Chaereas
425 1081 619 1150 Athenienses,
639 1080 778 1136 Diodorus
797 1080 958 1151 Prienaeus,
977 1080 1051 1136 Dion
1065 1079 1262 1152 Colophonius,
1282 1082 1445 1153 Diophanes

270 1171 445 1240 Nicaeensis,
473 1171 613 1240 Epigenes
631 1169 770 1237 Rhodius,
799 1170 917 1238 Euagon
936 1168 1068 1239 Thasius,
1096 1170 1253 1241 Euphronii
1277 1172 1346 1242 duo,
1373 1189 1446 1227 unus

270 1257 451 1315 Atheniensis
470 1260 542 1315 alter
555 1257 772 1328 Amphipolites,
792 1257 929 1327 Hegesias
943 1259 1105 1327 Maronites,
1125 1259 1272 1315 Menandri
1291 1260 1355 1330 duo,
1373 1279 1445 1322 unus

271 1349 432 1418 Prienaeus
451 1350 523 1404 alter
541 1348 737 1416 Heracleotes,
756 1347 885 1402 Nicasius
904 1347 1071 1416 Maronites,
1090 1347 1213 1418 Pythion
1231 1349 1366 1405 Rhodius.
1403 1349 1446 1403 De

269 1437 396 1509 reliquis,
412 1433 528 1507 quorum
544 1453 616 1507 quae
629 1436 827 1507 fueritpatria,
842 1453 899 1491 non
909 1439 1014 1507 accepi,
1030 1440 1094 1492 sunt
1104 1438 1268 1506 Androtion,
1283 1436 1446 1508 Aeschrion,

271 1527 470 1595 Aristomenes,
490 1526 700 1596 Athenagoras,
721 1525 830 1594 Crates,
850 1525 952 1596 Dadis,
970 1525 1131 1596 Dionysius,
1150 1524 1314 1597 Eupbyton,
1333 1528 1447 1597 Eupho-

270 1615 341 1684 rion,
360 1615 500 1684 Eubulus,
518 1615 714 1684 Lysimachus,
732 1614 874 1684 Mnaseas,
893 1613 1094 1685 Menestratds,
1115 1612 1325 1687 Plentiphanes,
1345 1616 1447 1687 Persis,

271 1703 454 1775 Theophilus.
472 1704 503 1759 hi
522 1721 592 1773 quos
613 1704 672 1758 dixi
690 1721 786 1759 omnes
806 1705 900 1761 soluta
918 1704 1045 1760 oratioue
1064 1703 1250 1774 scripserunt;
1269 1706 1383 1761 easdem
1402 1722 1446 1762 res

272 1794 360 1850 etiam
377 1793 493 1862 quidam
512 1793 647 1863 versibus,
665 1796 697 1849 ut
711 1793 849 1849 Hesiodus
863 1792 1009 1861 Ascraeus,
1030 1793 1203 1850 Menecrates
1221 1794 1367 1864 Ephesius.
1395 1796 1447 1851 hos

271 1882 421 1938 nobilitate
435 1882 520 1952 Mago
536 1881 776 1952 Carthaginiensis
790 1882 936 1952 praeteriit
949 1880 1070 1939 Poenica
1084 1882 1190 1953 lingua,
1210 1881 1258 1951 qui
1277 1899 1321 1938 res
1341 1883 1447 1954 disper-

271 1990 315 2028 sas
335 1971 511 2042 comprendit
528 1972 608 2027 libris
626 1971 741 2040 XXIIX,
760 1989 830 2041 quos
845 1971 955 2027 Cassius
970 1971 1024 2026 Dic
1039 1969 1179 2026 Uticensis
1198 1971 1284 2028 vertit
1302 1971 1382 2028 libris
1396 1972 1447 2028 XX

272 2078 305 2116 ac
324 2060 432 2117 Graeca
450 2061 548 2130 lingua
567 2060 683 2117 Sextilio
702 2060 826 2131 praetori
849 2061 940 2116 misit:
962 2061 992 2115 in
1017 2078 1088 2129 quae
1112 2061 1257 2118 volumina
1280 2063 1314 2118 dc
1333 2061 1447 2117 Graecis

271 2150 349 2205 libris
369 2167 473 2219 eorum,
492 2167 561 2220 quos
580 2149 647 2219 dixi,
667 2150 771 2205 adiecit
788 2167 845 2205 non
863 2166 955 2220 pauca
973 2152 1002 2204 11
1021 2149 1056 2204 de
1070 2149 1200 2220 Magonis
1215 2149 1338 2221 dempsit
1356 2151 1447 2206 instar

270 2237 392 2293 liborum
415 2239 489 2295 VIll.
512 2239 595 2294 hosce
623 2238 699 2310 ipsos
726 2239 834 2294 utiliter
860 2239 896 2294 ad
914 2238 954 2293 Vl
977 2237 1064 2293 libros
1092 2239 1203 2309 redegit
1226 2239 1388 2309 Diophanes
1417 2241 1447 2295 in

271 2327 405 2399 Bithynia
424 2330 453 2384 et
470 2328 549 2384 misit
567 2327 700 2384 Deiotaro
718 2328 799 2398 regi’

360 2441 412 2491 184
431 2435 606 2506 Quamquam
625 2437 737 2506 praeter
755 2435 894 2505 Atticum,
918 2436 1043 2504 Celsum,
1068 2434 1234 2492 Graecinum
1259 2421 1368 2505 o'mnes,
1398 2436 1448 2506 qui

272 2527 477 2594 enumerantur,
498 2525 648 2597 scriptores
666 2528 726 2582 tum
746 2542 832 2596 opera
849 2543 900 2580 sua
917 2525 974 2581 iam
993 2524 1101 2595 publici
1118 2525 1185 2580 iuris
1199 2526 1333 2596 fecerant,
1351 2529 1446 2582 tamen

270 2615 394 2669 omnium
409 2631 503 2670 eorum
514 2613 617 2671 notitia
631 2614 726 2669 nixum
735 2613 832 2684 priora
844 2616 997 2685 praecepta
1011 2614 1116 2670 rustica
1130 2613 1315 2670 Columellam
1325 2615 1446 2672 edidisse

274 2700 416 2756 Stadlerus
435 2701 453 2758 l.
472 2701 491 2756 l.
511 2721 538 2773 p.
559 2708 591 2757 11
610 2702 681 2756 mihi
699 2720 756 2758 non
774 2703 923 2772 persuasit.

362 2791 451 2844 1811.
470 2791 489 2848 1.
508 2808 573 2861 pag.
593 2797 635 2847 38.

361 2884 412 2934 lec
431 2879 466 2935 11.
485 2899 506 2935 r.
526 2899 549 2936 r.
567 2880 588 2934 l.
607 2880 695 2950 praef.
714 2886 762 2935 80:
783 2880 838 2934 ‘An
857 2878 975 2935 Latinae
994 2895 1089 2935 musae
1108 2897 1165 2936 non
1184 2883 1257 2938 solos
1276 2881 1369 2950 adytis
1387 2883 1444 2938 suis

273 2966 389 3024 Accium
409 2971 439 3024 et
451 2967 608 3039 Vergilium
626 2984 756 3038 recepere
776 3010 782 3024 .
803 3011 809 3023 .
830 2967 866 3024 .1’

359 3062 409 3112 181
430 3057 465 3114 11.
485 3077 506 3112 r.
525 3075 548 3114 r.
567 3057 587 3112 Ι.
606 3056 695 3126 praef.
715 3063 763 3112 29:
789 3057 879 3126 ‘quod
902 3057 931 3112 in
955 3058 1065 3114 oratore
1088 3058 1146 3114 iam
1164 3058 1201 3116 M.
1220 3058 1329 3115 Tullius
1348 3061 1445 3116 rectis-

270 3146 338 3200 sime
358 3145 451 3201 dixit’

361 3239 412 3290 188
431 3235 466 3290 cl.
484 3253 506 3292 r.
521 3253 542 3291 r.
562 3235 608 3291 IX.
628 3243 653 3306 2,
673 3243 754 3306 3sq.=
775 3236 823 3290 ‘ut
840 3235 1012 3291 Euhemerus
1029 3239 1115 3307 poeta
1134 3236 1214 3292 dicit’
1236 3278 1242 3292 .
1263 3276 1269 3290 .
1290 3278 1296 3293 .
1318 3237 1445 3294 1111111-

272 3323 317 3380 bit
334 3324 509 3378 Euhemcrus
529 3367 535 3379 .
555 3367 561 3380 .
582 3326 600 3382 .’

363 3417 413 3467 189
433 3412 468 3469 ct
487 3432 508 3468 r.
528 3432 550 3467 r.
569 3413 616 3470 IX.
636 3418 661 3484 2,
680 3418 709 3467 4:
732 3414 775 3469 ‘ut
792 3413 953 3468 Nicander?

363 3524 414 3574 199
433 3519 469 3576 ol.
488 3538 510 3575 r.
529 3539 550 3579 r.
569 3521 590 3576 Ι.
609 3525 635 3590 4,
654 3527 684 3576 3:
713 3520 810 3586 ‘Quod
828 3519 944 3576 Attilius
968 3521 1069 3577 aetatis
1094 3537 1161 3576 suae
1184 3521 1316 3594 agricolis
1339 3522 1445 3580 maiore

271 3625 335 3664 cum
352 3610 520 3665 auctoritate
540 3611 677 3666 suadebat
694 3610 802 3680 peritus
821 3627 881 3665 usu.
900 3627 966 3665 nam
976 3608 1113 3680 Pupiniae
1133 3610 1294 3680 pestilentis
1313 3610 1397 3666 simul
1416 3615 1446 3668 et

270 3698 350 3753 exilis
370 3699 570 3767 agricultorem
587 3699 675 3782 fuisse
692 3717 763 3762 eum,
775 3701 927 3770 loquuntur·
944 3699 1101 3755 historiae!

362 3809 413 3858 191
433 3805 468 3860 11.
487 3823 508 3859 r.
528 3822 549 3860 r.
568 3805 602 3862 11.
618 3812 662 3876 22,
682 3813 711 3861 5:
732 3805 802 3861 ‘Nos
822 3807 897 3875 apud
914 3806 1061 3875 pontifices
1080 3806 1200 3875 legimus
1220 3849 1226 3862 .
1247 3848 1253 3862 .
1273 3805 1292 3862 .’

360 3899 411 3948 191
431 3893 465 3950 11
485 3913 507 3950 r.
525 3911 547 3948 r.
567 3893 601 3949 V.
620 3899 645 3962 1,
665 3911 705 3963 sq.
725 3913 746 3952 r.
765 3913 786 3951 r.
806 3894 852 3950 XI.
872 3901 898 3948 2.
916 3911 941 3949 v.
961 3910 1027 3964 pag.
1042 3898 1130 3948 44-
1151 3899 1202 3949 193
1222 3893 1256 3952 11.
1275 3911 1341 3966 pag.
1361 3901 1444 3966 disq.

361 3986 413 4037 194

340 4070 375 4128 cf.
390 4071 451 4126 Cat.
466 4070 501 4125 de
515 4087 536 4124 r.
552 4087 573 4124 r.
589 4077 632 4140 41,
651 4078 681 4127 3:
956 4073 986 4127 et
1001 4072 1060 4128 Col.
1075 4072 1110 4127 de
1125 4073 1184 4127 arb.
1200 4079 1224 4141 8,
1240 4078 1269 4126 3:

306 4159 413 4216 ‘Tertia
422 4159 519 4216 insitio
530 4163 586 4216 eet:
604 4160 830 4231 Terebravitem,
921 4160 1114 4227 ‘Quibusdam
1150 4161 1328 4231 antiquorum
1370 4165 1443 4218 tere-

269 4269 356 4320 quam
375 4251 493 4317 inseres,
511 4249 688 4319 pertundite,
707 4266 740 4304 ec
759 4250 829 4306 duos
883 4251 959 4305 brari
972 4249 1061 4305 vitem
1075 4250 1268 4320 placebatque
1286 4250 1329 4304 ita
1342 4251 1445 4307 leviter

271 4341 396 4395 surculos
406 4339 566 4410 vitigiuecs,
581 4340 656 4410 quod
666 4355 755 4408 genus
770 4354 829 4394 esse
884 4340 998 4395 adrasos
1018 4339 1143 4394 surculos
1162 4338 1282 4394 demitti.
1321 4338 1370 4395 sed
1392 4358 1444 4396 nos

269 4429 361 4498 voles,
384 4429 506 4484 insectus
530 4428 660 4498 obliquos
683 4426 770 4483 artito
794 4429 830 4483 ad
884 4427 1000 4484 meliore
1019 4427 1127 4484 ratione
1143 4428 1198 4484 hoc
1211 4428 1287 4484 idem
1305 4428 1442 4485 fecimus!

269 4515 438 4572 medullam:
452 4516 540 4574 facito
558 4517 593 4573 iis
603 4516 756 4573 medullam
766 4534 828 4572 cum
