3470 5124
794 337 1012 404 ,44-

321 537 420 600 supra
451 515 517 581 iam
550 514 783 601 significarim
829 516 954 584 Omitto
976 515 1107 603 Accios,
1139 515 1310 584 Cicerones
1339 518 1492 584 Platones

317 621 410 708 alios,
432 643 568 707 quorum
592 627 663 688 tum
681 645 776 688 nemo
799 625 961 710 ingenuus
985 629 1055 690 erat
1074 623 1172 689 rudis.
1210 623 1334 691 Omitto
1353 625 1492 710 vestigia

320 729 498 795 studiorum
531 730 572 796 ad
604 752 719 796 vocum
750 731 893 816 origines
925 731 1172 816 pertinentium,
1204 729 1321 815 quibus
1346 730 1492 798 Varrone

320 840 530 920 praeceptore
553 858 626 902 enm
649 837 833 904 incubuisse
861 836 1029 923 opinor.1⁹⁸
1075 838 1199 905 Omitto
1227 837 1405 904 medicinae
1428 839 1492 903 fru-

318 943 403 1009 stula
433 942 542 1028 Celso,
574 945 608 1008 ni
641 944 749 1029 fallor,
783 942 945 1012 debita.¹99
993 946 1101 1012 Pauca
1134 946 1264 1031 addam,
1296 946 1335 1010 de
1367 945 1490 1011 duobus

319 1051 422 1133 libris,
445 1072 526 1135 quos
547 1051 733 1116 auctoribus
752 1073 818 1116 non
842 1051 982 1118 laudatis
1003 1051 1042 1117 ad
1061 1074 1142 1137 opus
1161 1052 1417 1137 componendum
1440 1052 1492 1117 ad-

318 1156 463 1221 hibuisse
492 1157 572 1221 mihi
595 1158 731 1225 videtur.
777 1156 976 1244 suspicionis
1006 1159 1093 1224 enim
1122 1181 1216 1224 ansas
1241 1158 1320 1224 dant
1342 1158 1405 1224 dno
1429 1160 1491 1224 loci

318 1263 464 1328 alberad
489 1265 703 1351 gromaticam
734 1269 838 1330 artem
866 1269 1016 1349 spectans
1045 1266 1127 1332 alter
1155 1265 1373 1331 calendarium
1397 1265 1491 1331 rusti-

323 1391 397 1435 cum
421 1371 507 1455 quod
529 1375 665 1436 vocatur
687 1369 913 1438 continens.²⁰⁰

409 1475 459 1542 Ac
481 1478 624 1562 primum
653 1480 779 1564 quidem
805 1478 985 1546 Columella
1012 1501 1085 1544 cum
1108 1478 1261 1544 Trebellii
1284 1483 1353 1545 tum
1377 1477 1491 1545 Silvini

321 1584 510 1650 amicissimi
533 1585 682 1669 precibus
713 1589 894 1652 commotus
923 1585 1028 1671 quinti
1057 1585 1133 1650 libri
1157 1586 1289 1651 exordio
1313 1585 1395 1650 artis
1419 1606 1490 1670 gro·

319 1692 457 1757 melicae
492 1693 653 1758 elementa
683 1693 857 1759 enarravit.
902 1692 1012 1758 Primo
1037 1693 1122 1757 enim
1146 1693 1253 1777 capite
1284 1691 1491 1775 profectusa

318 1800 467 1865 terminis
501 1799 657 1865 technicis
696 1800 750 1883 qui
779 1802 937 1865 vocantur
964 1797 1123 1865 Varronis
1156 1795 1351 1865 doetana²⁰¹
1383 1799 1491 1864 adum·

319 1906 450 1971 brandis
465 1905 603 1970 rationis
618 1906 833 1990 geometricae
851 1906 1001 1990 exempla
1014 1906 1148 1991 profert.
1184 1905 1358 1990 Expressis
1384 1909 1490 1970 autem

319 2013 427 2078 verbis
456 2033 525 2077 sese
554 2012 634 2076 artis
661 2011 749 2076 illius
780 2013 861 2076 satis
894 2013 1034 2095 peritum
1067 2035 1137 2078 esse
1169 2016 1281 2097 neget,
1314 2016 1351 2077 ut
1384 2013 1490 2097 ipsum

320 2123 492 2204 praecepta
524 2141 590 2184 non
624 2119 661 2182 de
693 2141 750 2184 suo
782 2120 857 2184 dare
890 2119 946 2184 sed
975 2120 1103 2185 aliunde
1133 2141 1260 2185 sumere
1284 2115 1490 2203 appareat.²⁰²

316 2224 379 2291 Cui
402 2226 487 2292 fonti
511 2227 736 2310 investigando
767 2226 983 2311 iampridem
1012 2228 1090 2292 artis
1120 2226 1369 2292 mathematicae
1396 2225 1491 2311 periti

317 2355 383 2400 non
406 2334 530 2399 frustra
554 2356 588 2398 se
618 2333 817 2399 dediderunt.
862 2334 995 2401 Etenim
1020 2335 1144 2418 circuli,
1168 2333 1376 2412 semicirculi,
1400 2355 1491 2398 arcus

320 2441 574 2506 emetiendorum
597 2444 772 2525 praecepta
795 2439 1008 2506 aColumella
1023 2440 1111 2506 edita
1129 2440 1263 2505 mutatis
1283 2440 1428 2504 numeris
1452 2439 1491 2504 ad

319 2548 452 2612 verbum
467 2550 651 2632 congruunt
661 2567 732 2611 cum
748 2547 927 2630 sententiis,
942 2569 1022 2632 quas
1037 2547 1175 2631 legimus
1189 2547 1224 2611 in
1235 2547 1490 2632 agrimensorum

317 2651 463 2719 libris.²⁰⁸
508 2652 703 2738 Nuperrime
735 2653 811 2718 huic
843 2654 915 2718 loco
943 2656 997 2719 lux
1021 2654 1124 2719 allata
1149 2653 1204 2719 “est
1233 2677 1252 2718 a
1280 2653 1358 2717 viris
1387 2651 1490 2718 doctis

319 2759 578 2846 Franco-Gallia,
608 2759 731 2825 Mortet
759 2763 791 2825 et
815 2760 981 2846 Tannery,
1011 2762 1068 2845 qui
1091 2761 1214 2845 publici
1242 2760 1323 2825 iuris
1345 2759 1491 2825 fecerunt

318 2867 435 2932 codicis
451 2866 655 2932 Monacensis
674 2868 866 2951 particulam
880 2867 1099 2952 Epaphroditi
1114 2872 1147 2932 et
1157 2865 1299 2932 Vitruvii
1312 2865 1388 2932 Rufi
1401 2887 1491 2950 prae·

317 2977 411 3058 cepta
435 2970 703 3040 continentem&
746 2974 836 3050 Quae
859 2975 1004 3058 quisquis
1030 2974 1111 3040 satis
1136 2977 1259 3038 attente
1282 2974 1490 3059 perspexerit,

316 3104 381 3147 non
400 3082 496 3147 modo
512 3079 650 3148 Curtzeo
665 3083 831 3167 assentiet,
840 3077 879 3118 ²⁰⁵
899 3081 954 3165 qui
974 3082 1012 3146 de
1031 3081 1161 3160 circulo,
1186 3080 1395 3161 semicirculo,
1415 3102 1490 3146 arcu

316 3190 450 3255 mutatis
473 3188 616 3254 numeris
640 3189 751 3254 eadem
776 3192 872 3274 atque
896 3211 916 3254 a
940 3187 1122 3254 Columella
1148 3189 1292 3272 praecipi
1316 3188 1409 3272 vidit,
1435 3187 1489 3253 sed

316 3297 415 3362 etiam
438 3297 522 3380 quod
543 3297 688 3380 sequitur
711 3297 893 3380 exemplum
918 3317 991 3360 cnm
1011 3296 1081 3360 loco
1108 3295 1176 3359 eius
1195 3314 1372 3378 congruere
1396 3293 1490 3358 intel-

317 3400 456 3489 leget.²⁰⁶
501 3403 619 3467 Facere
644 3423 721 3486 ergo
745 3425 812 3467 non
835 3424 1023 3486 possumus,
1046 3402 1123 3486 quin
1148 3397 1366 3467 Curtzeum²⁰⁷
1389 3401 1491 3466 secuti

317 3511 383 3574 iam
408 3508 607 3574 Columellas
631 3508 832 3592 temporibus
861 3508 942 3572 haec
966 3507 1045 3572 artis
1071 3507 1285 3593 geometricae
1308 3508 1491 3573 rudimenta

316 3617 395 3681 trita
417 3615 519 3680 fuisse
539 3614 716 3697 credamus,
739 3614 803 3678 nisi
825 3614 909 3679 forte
934 3614 1065 3679 secundi
1088 3619 1164 3699 post
1182 3613 1347 3680 Christum
1371 3616 1490 3680 saeculi

316 3722 523 3807 magistellos
543 3720 743 3786 Columellas
763 3720 932 3805 scriptoris
955 3722 1068 3786 rustici
1091 3721 1192 3786 libros
1212 3721 1381 3807 evolvisse,
1404 3722 1490 3788 hunc

318 3831 397 3895 artis
430 3829 523 3915 quasi
560 3832 728 3911 parentem
763 3827 913 3892 habitum
949 3848 1019 3893 esse
1052 3829 1224 3912 fingamus.
1279 3826 1491 3895 Accuratiora

318 3936 490 4002 statuenda
518 3934 941 4018 mathematicis'relinquo.
986 3934 1118 3999 Etenim
1152 3937 1259 4000 utrum
1288 3935 1406 4020 altore,
1435 3937 1490 4020 qui

318 4047 460 4126 vocatur,
482 4040 622 4107 Heronis
646 4042 731 4107 libro
750 4043 785 4106 in
803 4041 955 4106 Latinam
975 4040 1122 4125 linguam
1142 4042 1261 4106 tradito
1276 4040 1490 4107 Columellam

316 4151 427 4214 nixum
458 4171 528 4214 esse
557 4146 724 4215 Oanc0r²⁰⁸
755 4149 824 4214 iure
858 4148 998 4213 affirmet
1030 4170 1145 4232 necne,
1178 4148 1325 4232 equidem
1348 4144 1490 4234 ἆγεωμὲ-

317 4279 435 4340 τρητος
458 4257 632 4322 diiudicare
655 4278 720 4322 non
744 4256 855 4322 audeo.

407 4361 558 4446 Sequitur
581 4363 670 4426 locus
694 4363 777 4428 alter
800 4363 841 4427 ad
863 4361 1099 4428 Chaldaeorum
1124 4362 1179 4445 qui
1207 4365 1364 4427 vocantur
1387 4367 1489 4428 artem

319 4473 478 4554 spectans.
524 4467 671 4534 Siderum
705 4469 899 4554 cognitionis
932 4491 996 4534 non
1030 4469 1141 4533 rudem
1166 4466 1379 4534 Columellam
1410 4470 1490 4536 alte-
