3470 5124
765 378 980 442 ..24-

290 577 391 621 amus.
437 554 515 622 Sola
537 554 635 620 verba
659 577 678 619 a
701 554 893 620 Pacichellio
917 555 1077 638 exscripta
1101 555 1268 620 habemus.
1304 552 1459 620 Nomina-

289 668 343 728 tur
365 662 483 727 Lucius
507 662 653 747 quidam,
677 661 768 727 Lucii
791 660 886 726 filins.
931 660 1013 728 Cum
1041 661 1145 745 patris
1172 681 1290 726 nomen
1314 660 1459 726 additum

291 770 344 855 sit,
367 770 405 834 de
428 769 561 835 homine
583 770 723 855 ingenuo
746 790 813 834 non
831 790 924 834 servo
947 769 1104 834 libertove
1128 769 1243 853 agitur,
1266 769 1330 854 qui,
1353 772 1391 854 ut
1411 771 1461 833 est

289 875 419 942 tribulis
443 875 591 941 Galerius
619 875 785 941 ciuitatem
807 875 990 941 Romanam
1014 871 1168 941 habet¹¹⁵
1213 875 1263 941 llx
1286 877 1374 941 tribu
1398 875 1461 941 Ga·

289 985 369 1048 leria
390 982 570 1048 Gaditanos
588 983 688 1047 fuisse
711 984 800 1049 tituli
822 981 1036 1048 testantur.116
1073 983 1195 1048 Deinde
1213 983 1322 1063 homo,
1341 983 1378 1048 de
1397 1005 1460 1067 quo

291 1090 408 1175 agitur,
430 1090 569 1173 legionis
594 1093 705 1155 sextae
727 1090 867 1154 ferratae
890 1090 1041 1155 tribunus
1064 1089 1207 1156 militum
1230 1090 1302 1156 fuit.
1346 1090 1461 1156 Tribu-

289 1200 369 1262 natu
392 1197 527 1261 militari
550 1197 606 1280 qui
628 1197 840 1280 fungerentur
865 1195 921 1261 alii
944 1196 977 1260 in
997 1196 1137 1262 comitiis
1160 1197 1289 1263 tributis
1309 1198 1461 1262 creaban-

290 1307 344 1368 tur
367 1304 425 1368 alii
450 1327 469 1368 a
492 1304 624 1369 consule
648 1308 704 1368 aut
726 1305 766 1368 ab
790 1303 986 1389 imperatore
1009 1301 1314 1370 nominabantur.11⁷
1354 1304 1462 1388 Appe-

290 1412 405 1477 tebant
427 1407 543 1475 munus
567 1411 787 1477 adulescentes
811 1410 863 1477 vel
887 1411 1039 1476 senatorii
1062 1411 1113 1476 vel
1137 1415 1314 1494 equestres,
1343 1411 1398 1497 qui
1421 1411 1461 1476 ad

279 1541 359 1594 rem
391 1518 554 1602 publicam
591 1518 734 1584 nondum
772 1515 1027 1584 accesserant.¹¹⁸
1081 1517 1232 1604 Singulos
1269 1541 1327 1602 per
1359 1539 1461 1584 annos

292 1648 423 1691 munere
455 1625 559 1691 functi
587 1625 710 1691 tribuni
739 1625 859 1691 militia
889 1646 923 1691 se
956 1625 1161 1691 abdicabant.
1210 1625 1261 1690 Ex
1292 1623 1464 1690 Octaviani

291 1733 492 1816 temporibus
515 1732 597 1798 duae
625 1732 769 1816 legiones
784 1731 840 1796 VI.
859 1733 1045 1817 exstabant,
1069 1733 1173 1797 altera
1196 1731 1335 1797 ferratae
1359 1732 1463 1796 altera

292 1839 433 1904 victricis
453 1839 643 1923 cognomine
667 1839 859 1922 appellatae.
905 1838 1028 1903 Ambas
1058 1838 1147 1903 etin
1170 1838 1336 1922 legionum
1359 1837 1463 1904 indice

293 1946 425 2012 Cassius
449 1946 512 2010 Dio
536 1943 738 2028 numerat,119
770 1948 802 2009 et
832 1943 964 2009 Tacitus
995 1944 1161 2009 annalium
1191 1944 1463 2030 historiarumque

295 2056 408 2118 auctor
431 2049 643 2119 memorat¹¹⁹
687 2051 864 2136 Legionem
888 2054 1013 2116 sextam
1032 2051 1187 2117 ferratam
1210 2052 1245 2116 in
1264 2051 1357 2138 Syria
1380 2054 1463 2119 loca·

293 2164 360 2224 tam
389 2160 490 2225 fuisse
521 2181 587 2224 non
619 2159 715 2224 modo
740 2157 873 2224 Cassius
900 2158 963 2224 Dio
992 2158 1093 2224 tradit
1120 2159 1175 2224 sed
1203 2161 1300 2226 etiarn
1329 2161 1463 2245 inscrip-

294 2268 400 2332 tiones
420 2263 667 2332 confirmant.¹2⁰
704 2263 766 2331 Sed
780 2270 929 2332 nostrum
953 2266 993 2331 ad
1011 2266 1179 2332 tribunum
1198 2267 1339 2332 militum
1357 2267 1466 2332 redea-

294 2397 374 2439 mus.
412 2371 544 2457 Spectat
567 2394 644 2460 ergo
667 2373 784 2438 titulus
809 2373 849 2437 ad
871 2372 906 2437 L.
926 2373 1086 2457 quendam
1109 2372 1239 2438 Iunium
1261 2372 1465 2439 Moderatum

296 2479 519 2564 Columellam,
534 2479 633 2544 Lucio
649 2482 742 2562 patre
758 2482 874 2564 ortum,
895 2479 1049 2543 tribulem
1065 2477 1239 2565 Galerium,
1254 2479 1357 2565 quiin
1372 2477 1466 2545 Suria

295 2587 464 2651 tribunatu
488 2586 622 2650 militari
645 2585 782 2670 legionis
802 2587 911 2650 sextae
930 2584 1068 2650 ferratae
1087 2584 1217 2651 functus
1236 2588 1295 2651 est.
1330 2585 1466 2652 Dedica-

294 2697 347 2759 tus
375 2691 438 2757 fuit
464 2693 580 2756 titulus
608 2691 740 2757 Tarenti
774 2692 809 2756 iu
841 2691 958 2776 oppido
983 2690 1162 2757 Calabriae.
1209 2692 1334 2759 Auctor
1355 2696 1467 2760 noster

294 2800 330 2865 L.
349 2799 465 2865 'Iunius
488 2797 676 2865 Moderatus
700 2797 880 2865 Columella
902 2798 936 2862 in
959 2798 1079 2863 finibus
1103 2797 1274 2866 Gaditanis
1298 2799 1385 2865 haud
1408 2800 1466 2866 hu·

296 2906 365 2972 mili
393 2927 512 2992 genere
539 2908 636 2971 natus
664 2905 794 2971 tribulis
818 2903 966 2970 Galerius
995 2904 1067 2971 fuit.
1110 2904 1149 2970 In
1179 2903 1273 2990 Syria
1305 2908 1467 2992 quondam

297 3036 367 3079 sese
386 3015 547 3078 versatum
568 3033 637 3077 esse
660 3011 730 3096 ipse
753 3008 950 3078 memorat.¹⁵
986 3010 1055 3087 Quo
1079 3016 1117 3077 ut
1136 3035 1194 3079 sua
1211 3015 1342 3100 negotia
1361 3019 1468 3100 gestu-

296 3143 351 3186 rus
375 3120 646 3206 proficisceretur,
673 3119 728 3204 qui
751 3119 873 3185 facturn
897 3118 955 3204 sit,
978 3117 1081 3184 adhuc
1104 3141 1200 3186 nemo
1224 3121 1467 3188 demonstravit.

296 3229 401 3294 Immo
424 3248 500 3292 vero
524 3249 655 3292 munere
679 3226 787 3312 aliquo
806 3227 994 3310 fungentem
1014 3249 1087 3292 eum
1100 3220 1215 3294 Asiam
1234 3229 1384 3294 visitasse
1402 3231 1468 3294 iam

298 3337 438 3401 Gessner
461 3334 606 3400 coniecit.
614 3331 652 3370 ¹²¹
692 3333 738 3400 Ut
759 3334 927 3399 tribunatu
946 3333 1075 3399 functos
1094 3357 1162 3398 rem
1180 3335 1341 3418 publicam
1361 3357 1469 3419 capes-

299 3464 368 3507 sere
391 3440 499 3524 licuit,
532 3441 580 3505 ita
608 3440 842 3524 adulescentes,
865 3441 1036 3524 quominus
1059 3440 1172 3504 relicta
1195 3440 1312 3505 militia
1334 3441 1468 3506 rustica·

299 3548 382 3614 tioni
411 3567 444 3610 se
476 3545 603 3625 darent,
635 3567 702 3610 non
735 3544 883 3628 impediti
912 3548 998 3610 sunt.
1042 3542 1082 3608 In
1114 3545 1241 3630 legione
1263 3544 1319 3610 VI.
1347 3545 1469 3610 ferrata

298 3655 464 3739 Hispanos
493 3651 653 3736 stipendia
680 3651 835 3716 meruisse
860 3670 898 3713 ex
920 3650 1188 3735 inscriptionibus
1211 3650 1469 3736 intellegitur.¹²²

300 3763 358 3826 ‘At
381 3759 562 3827 Columella
586 3757 716 3823 omnino
739 3778 806 3821 non
831 3755 948 3842 dignus
970 3755 1043 3836 fuit,
1066 3756 1121 3842 qui
1144 3755 1312 3824 tribunatu
1335 3759 1470 3826 militari

299 3868 499 3952 fungeretur.
544 3863 648 3950 Supra
676 3862 760 3929 enim
788 3863 926 3947 legimus
954 3863 1092 3928 maiores
1123 3864 1290 3950 scriptoris
1313 3867 1348 3931 in
1371 3869 1471 3935 servi-

299 3979 369 4041 tute
392 3971 512 4040 fuissa'
558 3970 605 4036 At
631 3971 773 4055 primum
804 3972 914 4035 utrum
942 3991 1124 4057 cognomen
1146 3971 1344 4039 Columellas
1372 3975 1471 4042 maio·

300 4104 372 4146 rum
409 4079 557 4146 servituti
593 4079 747 4144 debeatur
778 4098 878 4141 necne
910 4077 1043 4143 dubium
1074 4083 1130 4145 est.
1184 4080 1308 4146 Deinde
1334 4086 1470 4167 patruus

301 4187 482 4272 scriptoris,
504 4186 642 4252 illustris
666 4183 926 4270 atqueeruditus
951 4184 1107 4270 agricola,
1130 4187 1158 4251 si
1180 4208 1246 4252 non
1268 4187 1471 4272 ingenuitate

301 4299 335 4359 at
357 4297 443 4359 certe
465 4293 678 4357 libertinitate
702 4312 779 4356 usus
811 4295 871 4355 est.
916 4289 1025 4376 Usque
1050 4291 1090 4356 ab
1115 4313 1174 4357 avc
1198 4313 1275 4377 ergo
1297 4295 1363 4360 nisi
1384 4294 1470 4362 forte

301 4424 320 4466 a
347 4401 476 4484 proavis
503 4398 663 4464 libertatis
691 4397 784 4461 heres
812 4396 860 4461 rei
882 4398 1021 4463 rusticae
1044 4402 1234 4482 praeceptor
1258 4403 1316 4465 est
1361 4401 1471 4467 Effici-

301 4512 356 4573 tur
377 4507 460 4572 nihil
484 4507 627 4591 obstare,
655 4505 826 4588 quominus
850 4506 907 4568 aut
933 4503 967 4568 in
996 4505 1137 4588 equestri
1165 4508 1222 4570 aut
1248 4507 1283 4570 in
1307 4509 1471 4573 senatorio
