3470 5124
802 1223 850 1298 II.

527 1406 595 1480 De
623 1401 901 1480 Columellas
929 1400 1123 1500 scriptis.

772 1561 879 1570 ———

737 1665 863 1751 (lapnt
885 1666 909 1732 I.

239 1840 381 1899 Librum
404 1841 448 1899 de
472 1839 652 1898 arboribus
675 1852 696 1895 a
718 1837 907 1896 columella
933 1837 1057 1897 iuvene
1085 1836 1313 1911 compositum
1339 1850 1413 1893 esse
1452 1841 1459 1852 ‘

691 1947 957 2005 demonstratur.

327 2100 493 2166 Tredecim
519 2097 717 2165 Columellae
741 2097 842 2164 libros
870 2098 925 2182 qui
948 2100 1077 2163 exstant
1099 2119 1164 2162 non
1187 2098 1282 2162 unius
1307 2098 1413 2183 operis

239 2210 350 2293 partes
374 2228 444 2272 esse
467 2206 591 2290 primus
615 2205 696 2271 vidit
718 2204 895 2290 lucendus,
923 2205 978 2290 qui
1002 2204 1141 2270 Aldinae
1165 2205 1298 2270 editioni
1322 2205 1412 2270 ador-

237 2313 362 2380 nandae
382 2309 579 2397 praefuit.1²⁶
615 2310 741 2397 Nempe
759 2313 892 2376 tertium
911 2310 1055 2396 corporis
1074 2309 1204 2395 librum,
1227 2313 1281 2395 qui
1301 2311 1412 2376 inseri-

239 2422 327 2486 bitur
346 2422 385 2487 de
404 2419 583 2500 arboribus,
604 2443 624 2485 a
643 2419 757 2485 ceteris
777 2418 992 2502 separandum
1011 2439 1081 2483 esse
1099 2417 1268 2483 intellexit.
1307 2418 1412 2503 Argu-

241 2532 351 2594 menta
372 2527 454 2594 haec
477 2531 565 2593 sunt:
593 2527 738 2592 Primum
761 2527 824 2591 duo
848 2526 991 2611 corporis
1015 2524 1101 2608 libri,
1123 2523 1240 2590 tertius
1264 2529 1297 2590 et
1320 2548 1413 2612 quar·

237 2638 290 2700 tus
319 2633 509 2720 parimodo
533 2633 649 2699 adnexi
677 2632 816 2698 suntad
842 2632 1059 2717 agriculturae
1078 2630 1308 2718 praecepta‚¹²⁷
1332 2655 1414 2718 quae

238 2740 437 2806 insecundo
467 2741 551 2806 libro
578 2739 739 2826 leguntur.
785 2738 861 2805 Non
889 2742 1061 2824 utrumque
1085 2760 1144 2804 suo
1174 2739 1247 2805 loeo
1270 2742 1413 2825 positum

238 2869 307 2913 esse
340 2851 484 2932 apparet.
538 2846 672 2913 Librum
706 2847 744 2912 de
777 2847 947 2913 arboribus
984 2846 1103 2911 iniuria
1141 2846 1273 2912 tertium
1307 2848 1413 2913 locum

128 3015 131 3020 .
238 2976 411 3040 usurpasse
434 2953 627 3021 documento
652 2958 728 3020 sunt
756 2955 868 3020 verba:
902 2953 1074 3034 ‘Quoniam
1102 2955 1139 3019 de
1161 2954 1245 3020 culta
1267 2975 1414 3038 carorum

233 3063 338 3145 primo
370 3062 524 3128 columine
555 3062 626 3127 etc?
682 3060 846 3126 Secundus
880 3080 957 3144 ergo
992 3060 1098 3144 operis
1134 3060 1301 3125 cuiusdam
1332 3063 1414 3127 liber

238 3166 342 3233 est.¹²8
387 3167 511 3233 Deinde
535 3168 748 3252 omniafere,
776 3188 859 3251 quae
886 3166 970 3231 liber
998 3165 1036 3230 de
1065 3165 1234 3230 arboribus
1259 3168 1414 3254 continet,

237 3274 272 3339 in
294 3273 400 3338 tribus
423 3294 505 3358 quae
531 3277 708 3358 sequuntur
730 3272 950 3339 voluminibus
977 3274 1174 3356 repetuntur.
1211 3271 1293 3336 Tum
1313 3275 1413 3339 ceteri

237 3379 315 3444 libri
338 3379 431 3443 missi
454 3383 531 3445 sunt
553 3381 593 3446 ad
612 3380 765 3446 Publium
791 3378 961 3459 Silvinum,
985 3379 1075 3444 cuius
1099 3379 1134 3442 in
1151 3378 1235 3443 libro
1259 3380 1299 3444 de
1322 3381 1414 3447 arbo·

237 3486 328 3551 ribus
361 3507 402 3550 ne
430 3487 603 3572 vestigium
637 3487 764 3572 quidem
797 3486 970 3552 invenitur.
1015 3484 1222 3551 Postremum
1251 3509 1317 3553 non
1349 3489 1413 3555 nisi

237 3594 340 3658 eiecto
369 3593 409 3658 de
436 3593 606 3660 arboribus
635 3594 720 3659 libro
749 3594 779 3660 ei
807 3594 886 3677 loci,
918 3592 975 3657 ubi
1008 3595 1121 3658 auctor
1153 3592 1223 3676 ipse
1256 3595 1411 3661 librorum

237 3722 390 3764 numeros
414 3700 507 3784 citat,
535 3723 607 3766 cum
636 3702 781 3785 eorporis
810 3701 921 3766 ordine
949 3698 1189 3786 congruunt.¹²9
1233 3700 1307 3766 Iure
1335 3723 1411 3788 ergo

238 3806 299 3870 viri
318 3804 413 3889 docti,
436 3807 492 3891 qui
510 3810 585 3892 post
603 3806 782 3873 Iucundum
802 3806 1002 3872 Columellas
1021 3807 1114 3872 libris
1135 3806 1265 3872 edendis
1280 3830 1413 3894 operam

238 3916 452 3992 navaverunt,
484 3913 605 3978 librum
633 3913 672 3978 de
700 3914 870 3979 arboribus
902 3913 999 3978 tertio
1023 3914 1095 3978 loco
1120 3912 1312 3997 depulerunt
1335 3913 1413 3979 duo-

239 4018 406 4102 decimque
418 4019 584 4104 librorum,
599 4021 653 4105 qui
667 4024 802 4105 restant,
816 4018 944 4105 corpori
959 4020 1182 4102 adiunxerant,
1206 4041 1277 4084 cum
1292 4019 1411 4085 librum

238 4147 303 4190 non
327 4124 535 4191 subditieium
560 4127 614 4191 sed
639 4128 813 4212 genuinum
837 4121 907 4192 ess'e
935 4125 1099 4192 codicibus
1122 4125 1191 4189 nixi
1218 4125 1412 4191 arbitraren-

238 4233 301 4296 tur.
346 4230 416 4297 Nos
439 4254 529 4318 vero,
555 4235 707 4317 quoniam
736 4233 774 4298 de
804 4231 1005 4298 Columellas
1033 4231 1126 4296 libris
1156 4232 1286 4296 uberius
1315 4253 1411 4318 agere

239 4339 418 4423 coepimus,
456 4342 566 4404 utrum
604 4343 716 4404 noster
756 4339 793 4405 de
834 4337 1004 4403 arboribus
1040 4337 1159 4403 librum
1193 4341 1412 4423 composuerit

238 4465 339 4509 neone
361 4446 471 4529 paullo
496 4445 677 4512 accuratius
701 4446 912 4531 inquiramus.

328 4551 376 4614 Ae
406 4551 546 4635 primum
579 4552 707 4636 quidem
732 4551 932 4618 Oolumellae
960 4553 1125 4619 cuiusdam
1154 4576 1192 4618 ex
1221 4552 1313 4617 libris
1342 4575 1410 4617 sese
