3470 5124
726 373 946 438 ...57-

344 551 458 638 Neque
490 575 566 618 vero
605 553 676 618 sola
709 533 906 618 Columellas
939 551 1057 636 peritia
1094 551 1150 616 sed
1182 552 1281 618 etiam
1312 552 1426 618 Italiae

254 660 397 726 conditio
427 659 467 725 ad
494 659 613 724 librum
641 657 680 724 de
708 658 880 725 arboribus
908 659 1163 724 conservandum
1186 658 1297 725 valuit.
1342 657 1426 734 Quid

253 767 404 833 omnibus
427 770 507 832 nota
534 766 646 831 multis
669 766 777 832 verbis
804 766 973 850 repetam?
1019 764 1101 832 Cum
1129 766 1280 831 extremis
1304 766 1425 831 liberae

253 875 300 940 rei
320 874 469 958 publicae
488 873 689 957 temporibus
707 876 777 937 tum
796 874 1031 960 imperatorum
1050 872 1186 940 saeculis
1204 872 1426 939 frumentariis

253 981 340 1067 agris
364 979 496 1046 Italiam
524 981 664 1046 caruisse
693 981 765 1067 quis
795 985 845 1046 est
873 981 951 1066 quin
979 979 1084 1045 sciat?
1129 979 1314 1046 Exstabant
1338 980 1427 1060 ditis-

253 1089 410 1154 simorum
432 1087 606 1154 latifundia
625 1110 696 1160 eum
715 1089 749 1153 in
767 1087 897 1172 pascuis
917 1090 987 1152 tum
1005 1087 1040 1152 in
1058 1087 1163 1153 hortis
1187 1087 1315 1153 olivetis
1339 1087 1426 1152 vine·

252 1196 295 1261 tis
319 1199 522 1279 consumpta.
560 1191 760 1260 Columellae
783 1193 985 1279 temporibus
1000 1215 1128 1280 pascua
1146 1193 1291 1259 nondum
1314 1193 1427 1260 hortos

255 1301 376 1368 oliveta
408 1303 519 1367 vineta
551 1301 759 1386 superabant.
812 1299 924 1366 Facile
961 1322 1053 1386 ergo,
1089 1300 1263 1367 dummodo
1296 1301 1427 1366 maioris

254 1410 361 1496 operis
385 1409 551 1475 volumina
579 1408 710 1493 singula
738 1409 886 1492 deinceps
915 1430 941 1472 a·
955 1411 1068 1473 nostro
1096 1408 1218 1493 publici
1240 1408 1319 1474 iuris
1342 1406 1429 1474 facta

254 1539 325 1582 esse
349 1515 544 1600 memineris,
566 1515 637 1580 fieri
658 1515 805 1600 potuisse
828 1515 991 1599 concedes,
1013 1517 1051 1580 ut
1071 1515 1191 1599 prioris
1217 1515 1322 1600 operis
1346 1515 1429 1581 liber

253 1624 292 1689 de
316 1623 486 1689 arboribus
511 1626 543 1688 et
562 1622 702 1687 maxime
720 1622 967 1707 pervulgaretur
987 1626 1020 1687 et
1039 1644 1124 1688 nova
1143 1644 1268 1707 quoque
1287 1622 1429 1690 editione

250 1730 339 1798 faeta
362 1731 396 1796 in
420 1729 635 1814 agricolarum
658 1751 720 1794 usu
743 1732 896 1794 maneret.
944 1727 1016 1794 Iam
1045 1750 1121 1814 ergo
1152 1729 1234 1795 satis
1258 1729 1354 1814 plane
1378 1751 1429 1795 ex-

250 1836 398 1921 posuisse
422 1836 502 1901 mibi
525 1835 646 1921 videor,
669 1835 786 1921 quibus
805 1836 911 1901 causis
929 1835 1103 1901 hodiernus
1119 1834 1317 1902 Columellas
1338 1837 1427 1903 volu·

252 1945 376 2009 minum
413 1947 518 2010 status
555 1942 717 2008 debeatur.
776 1941 902 2029 Nempe
937 1942 1020 2008 liber
1056 1943 1095 2008 de
1130 1943 1300 2010 arboribus
1338 1945 1428 2010 solus

252 2051 368 2135 prioris
397 2051 506 2135 operis
540 2053 704 2134 superstes
737 2050 803 2115 iam
837 2049 980 2136 antiquis
1008 2050 1209 2134 temporibus
1238 2074 1257 2116 a
1286 2051 1428 2118 librariis

253 2156 454 2224 Columellae
468 2157 631 2223 codicibus
648 2155 790 2221 insertus
806 2157 1008 2222 surculorum
1028 2156 1121 2222 libris
1141 2156 1321 2223 iunioribus
1342 2163 1428 2224 ante-

250 2266 377 2352 positus
401 2267 460 2350 est,
484 2268 520 2329 ut
538 2263 640 2330 totius
659 2262 777 2330 codicis
797 2262 952 2329 tredecim
972 2263 1074 2329 libros
1093 2264 1291 2330 continentis
1310 2265 1427 2332 tertius

255 2372 336 2437 liber
359 2370 519 2438 evaderet.

340 2477 411 2544 Iam
434 2498 526 2562 vero,
555 2499 628 2544 oum
658 2477 698 2543 ad
721 2476 870 2542 scholion
893 2475 1040 2542 Danielis
1064 2477 1322 2545 adumbrandum
1346 2480 1427 2546 satis

252 2586 356 2651 multa
379 2585 528 2651 attulisse
551 2584 631 2649 mihi
654 2583 780 2670 videar,
812 2587 937 2650 ceteros
968 2585 1071 2649 nostri
1100 2586 1296 2670 scriptorum
1325 2590 1427 2653 testes

252 2693 437 2779 producam.
565 2705 567 2708 ’

342 2798 439 2866 Sexto
466 2799 599 2866 maioris
627 2800 735 2885 operis
763 2799 846 2865 libro
875 2821 953 2865 usus
982 2803 1032 2864 est
1058 2799 1298 2885 Pelagonius
1324 2822 1428 2887 neque

252 2928 337 2993 vero,
361 2906 466 2993 qualis
486 2910 563 2972 tuno
582 2906 661 2972 ordo
685 2906 843 2973 librorum
866 2906 972 2991 fuerit,
994 2906 1219 2993 perspicimus,
1243 2929 1315 2973 cum
1336 2906 1427 2974 Pela-

254 3015 371 3102 gonius
395 3037 561 3101 nunquam
584 3014 660 3079 libri
683 3014 776 3079 citati
799 3036 969 3080 numerum
993 3013 1163 3081 addiderit.

341 3120 392 3187 Ne
414 3120 570 3206 Vegetii
594 3120 740 3205 quidem,
769 3119 940 3206 Pelagonii
969 3120 1113 3205 aequalis
1143 3121 1233 3186 locus
1257 3122 1428 3207 quicquam

253 3228 328 3295 novi
353 3224 501 3293 adorem

343 3334 444 3400 Plura
458 3356 519 3400 nos
533 3334 626 3401 docet
641 3330 918 3399 Cassiodorius
934 3331 1111 3417 Senator,
1131 3333 1214 3397 sexti
1228 3356 1258 3417 p.
1270 3330 1345 3398 Chr.
1359 3356 1428 3400 sae·

255 3443 321 3510 culi
344 3442 522 3508 monachus
546 3441 764 3526 doctissimus,
787 3441 877 3506 cuius
896 3440 995 3505 verba
1018 3461 1117 3524 supra
1135 3440 1200 3504 iam
1224 3439 1430 3527 exscripsi.²⁴⁵

253 3549 342 3626 Quae
366 3553 403 3615 ut
425 3550 544 3615 vitaret
567 3547 786 3633 incommoda,
817 3550 931 3612 noster
961 3545 1032 3632 ipse
1065 3547 1202 3632 studuit,
1234 3570 1316 3634 quae
1342 3550 1428 3634 quod

254 3655 424 3721 nonsatis
449 3654 597 3738 vitasset,
621 3653 786 3720 Palladius
810 3653 1015 3738 vituperavit,
1039 3651 1238 3735 Columellas
1262 3655 1428 3722 volumina

254 3761 414 3827 oblivioni
437 3761 602 3827 dederunt
647 3759 724 3847 Ipse
756 3782 913 3846 persaepe
944 3761 1110 3826 revocavit
1141 3781 1210 3825 sese
1238 3784 1257 3826 a
1284 3762 1428 3848 disputa-

252 3869 343 3934 tione
374 3868 414 3933 ad
446 3890 553 3932 rerum
585 3869 722 3932 naturae
755 3867 898 3933 latebras
936 3867 987 3931 vel
1022 3865 1176 3932 scientiae
1211 3867 1426 3934 subtilitatem

254 3971 479 4061 spectante!46
530 3972 606 4058 Ipse
639 3994 705 4038 non
738 3973 856 4059 ubique
889 3972 1120 4038 obscuritatem
1156 3977 1252 4059 atque
1284 3975 1426 4039 verbosi-

255 4083 360 4147 tatem
383 4079 507 4164 fugisse
531 4078 594 4143 sibi
618 4078 706 4144 visus
729 4079 838 4144 decem
857 4079 1059 4145 voluminum
1083 4079 1213 4164 corpori
1235 4082 1268 4144 et
1289 4080 1427 4147 indicem

254 4186 402 4253 adiunxit
424 4190 457 4251 et
470 4186 558 4253 vilici
572 4186 748 4270 vilicaeque
766 4189 938 4270 praecepta
953 4185 1084 4251 addidit
1123 4183 1300 4251 Continent
1318 4191 1425 4253 autem

253 4294 330 4359 libri
354 4291 551 4359 Columellae
581 4295 632 4357 tot
659 4292 895 4376 disputationes
923 4293 1202 4358 concertationum
1232 4294 1360 4379 plenas,
1390 4299 1427 4360 ut

255 4422 328 4467 cum
365 4398 554 4482 aequalibus
591 4402 662 4463 tum
699 4397 933 4482 posterioribus
971 4398 1138 4484 agricolis,
1179 4421 1316 4485 quorum
1354 4402 1427 4467 usui

252 4506 418 4573 volumina
458 4508 552 4570 erant
588 4504 763 4589 destinata,
799 4505 840 4570 ad
877 4505 1049 4590 legendum
1086 4506 1254 4590 asperrimi
1295 4506 1424 4572 fuerint
