3470 5124
771 350 993 415 ...80-

348 526 419 581 Plin.
443 544 470 580 n.
488 526 514 581 h.
533 525 607 581 VIII.
627 530 691 580 153:
966 525 1023 582 Col.
1042 545 1064 581 r.
1083 546 1103 584 r.
1123 526 1184 584 Vll.
1204 532 1247 596 12,
1267 534 1313 582 14:

908 615 1024 684 plurimi
1047 619 1176 686 pastores
1200 617 1354 686 affirment,
1377 616 1469 674 rabies

906 707 1017 761 arcetur
1034 704 1129 761 letifer
1143 705 1257 760 morbus
1271 705 1336 761 huie
1351 706 1467 776 generi!

365 793 465 849 XVHI.
485 799 518 849 69
529 811 582 861 sq:
978 813 999 852 r.
1019 813 1041 850 r.
1060 793 1094 849 II.
1114 801 1139 862 9,
1160 801 1242 864 leq:

334 885 352 938 ‘.
373 926 379 938 .
399 926 405 937 .
425 883 461 938 ob
480 882 568 937 nimia
586 880 692 952 frigora
712 921 852 938 ......
945 883 1012 938 ‘Sed
1035 883 1079 937 est
1101 885 1131 936 et
1158 884 1248 938 altera
1271 885 1379 954 (satio),
1405 901 1468 940 eum

295 973 391 1028 eadem
411 989 497 1027 causa
516 973 546 1026 et
559 971 732 1026 trimenstris
745 971 855 1026 invenit
907 971 985 1041 cogit
998 971 1164 1026 necessitas:
1183 972 1352 1028 trimestrem
1365 977 1468 1029 vocant

294 1060 485 1116 detinentibus
508 1063 598 1115 terras
623 1059 750 1127 nivibus,
779 1061 854 1129 quod
907 1060 1062 1132 agricolae,
1088 1077 1122 1116 ea
1147 1060 1216 1116 locis
1242 1061 1412 1132 praegelidis
1434 1079 1468 1118 ae

293 1151 378 1206 tertio
395 1150 454 1206 iere
473 1165 490 1203 a
509 1151 572 1204 satu
585 1164 680 1204 mense
695 1167 759 1204 cnm
777 1151 807 1204 et
824 1148 854 1202 in
908 1149 1026 1219 nivosis,
1048 1149 1098 1205 nbi
1120 1150 1214 1204 aestas
1238 1150 1282 1206 est
1305 1150 1421 1205 humida
1439 1155 1468 1206 et

294 1239 402 1308 reliquo
435 1237 502 1292 orbe
533 1238 656 1294 metitur.
700 1239 769 1294 totis
800 1239 853 1294 hoe
908 1236 967 1292 sine
986 1237 1151 1309 vaporibus,
1174 1241 1250 1293 recte
1274 1239 1468 1295 committitur.

294 1328 412 1398 Alpibus
435 1329 533 1382 notum
557 1328 586 1382 et
604 1327 772 1383 hiemalibus
791 1345 853 1398 pro·
908 1325 1007 1382 ceteris
1036 1327 1187 1381 admodum
1214 1343 1278 1382 raro
1310 1328 1467 1400 respondet.

294 1417 393 1474 vinciis
407 1417 516 1472 nullum
529 1417 583 1471 hoc
597 1418 737 1473 frumento
752 1416 853 1473 laetius
907 1432 993 1484 quam
1011 1418 1106 1471 tamen
1123 1417 1214 1486 ipsam
1228 1417 1356 1472 celeriter
1371 1418 1400 1472 et
1413 1417 1467 1471 uti·

294 1507 492 1574 unicalamum,
511 1508 658 1576 praeterea
671 1521 721 1561 nec
736 1523 854 1576 usquam
908 1507 1037 1574 queunte
1051 1505 1259 1573 aequinoctium
1273 1523 1387 1562 vernum
1403 1523 1466 1561 eon-

295 1613 396 1667 capax,
432 1595 588 1663 seriturque
618 1613 675 1650 non
700 1595 754 1650 nisi
777 1595 854 1652 tenui
908 1593 1002 1649 veniet
1025 1610 1167 1665 peragere.
1206 1594 1230 1648 si
1255 1612 1320 1650 vero
1344 1595 1469 1650 locorum

294 1689 379 1742 terra.
406 1685 457 1740 Est
475 1685 505 1739 et
522 1684 676 1741 bimestre.
697 1727 703 1740 .
725 1725 731 1738 .
749 1685 779 1739 in
793 1685 854 1738 tan-
909 1683 938 1736 et
957 1683 1028 1738 caeli
1052 1683 1176 1738 conditio
1200 1683 1337 1754 patietur,
1363 1685 1468 1750 quanto

295 1778 354 1829 tum
373 1773 483 1830 fallitur
503 1773 667 1842 Columella,
686 1774 734 1843 qui
752 1791 787 1828 ne
805 1774 854 1828 tri-
909 1771 1044 1826 maturius
1069 1772 1221 1827 severimus
1244 1773 1325 1828 tanto
1348 1790 1468 1828 commo-

294 1863 393 1918 mestri
407 1862 520 1930 quidem
534 1863 678 1932 proprium
697 1879 784 1933 genus
799 1862 854 1918 exi·
908 1860 971 1915 dius
999 1861 1153 1931 proveniet.
1197 1879 1287 1931 neque
1319 1861 1395 1917 enim
1425 1864 1469 1918 est

294 1951 451 2008 stimaverit
474 1968 549 2020 esse,
573 1969 636 2006 cum
659 1952 696 2006 sit
718 1951 853 2020 antiquis·
908 1951 996 2005 ullum
1016 1949 1089 2006 sicut
1107 1951 1190 2006 multi
1208 1952 1399 2022 crediderunt,
1416 1969 1466 2006 na-

295 2042 403 2098 simum.
446 2039 546 2096 Graeci
576 2039 705 2098 setanion
729 2041 851 2097 vocant’
907 2042 971 2095 tura
988 2039 1130 2095 trimestre
1146 2056 1252 2096 semen:
1272 2041 1375 2112 quippe
1394 2041 1467 2096 idem

907 2126 1013 2186 iactum
1030 2131 1165 2185 autumno
1180 2129 1279 2184 melius
1295 2129 1465 2199 respondet’

365 2219 463 2276 XVIII.
482 2225 548 2274 303:
979 2217 1012 2274 II.
1032 2225 1075 2290 21,
1095 2226 1123 2274 5:

331 2309 499 2366 ‘Columella
522 2309 551 2362 et
573 2307 715 2364 favonium
739 2308 854 2363 ventum
945 2309 994 2363 ‘At
1012 2308 1062 2362 ubi
1084 2307 1173 2378 paleis
1192 2307 1316 2362 immista
1336 2305 1392 2361 sint
1409 2307 1467 2361 frn-

295 2399 423 2454 confecto
447 2399 587 2454 frumento
606 2397 760 2468 praedicat,
779 2398 855 2467 quod
908 2399 1011 2466 menta,
1030 2401 1114 2454 vento
1134 2397 1305 2468 separentur.
1342 2396 1387 2449 Ad
1406 2413 1467 2451 eam

296 2489 381 2543 miror
392 2487 522 2557 equidem
532 2486 715 2542 siccissimum
726 2486 851 2556 alioqui.’
908 2502 966 2540 rem
981 2485 1120 2542 Favonius
1138 2485 1259 2541 habetur
1274 2486 1399 2555 eximius,
1418 2484 1468 2555 qni

907 2573 978 2630 lenis
997 2574 1179 2644 aequalisque
1198 2575 1311 2631 aestivis
1326 2574 1468 2630 mensibus

907 2663 1026 2734 perflat.'

386 2776 438 2826 227
457 2770 518 2826 Hoc
537 2771 733 2840 argumentum
752 2786 837 2840 supra
855 2768 1023 2840 significavi,
1052 2788 1116 2825 cum
1133 2770 1257 2826 Plinium
1281 2772 1378 2826 vetare
1402 2771 1467 2825 scri-

295 2859 400 2927 berem,
419 2875 455 2912 ne
474 2856 587 2914 brevius
602 2856 773 2914 Columellas
792 2874 860 2930 opus
878 2875 912 2914 ex
929 2859 1034 2913 maiore
1053 2861 1215 2930 excerptum
1234 2876 1295 2915 esse
1314 2859 1466 2915 credamus.

294 2966 321 3003 v.
339 2964 404 3018 pag.
425 2953 467 3002 29.
487 2978 520 2988 -
540 2952 592 3003 228
611 2948 645 3002 cl.
665 2963 729 3018 pag.
749 2953 791 3004 30.

384 3060 436 3109 229
456 3054 541 3125 (larg.
562 3053 645 3109 Mart.
664 3055 737 3124 frag.
755 3053 854 3125 Neap,
873 3071 934 3125 cap.
954 3061 970 3108 3
990 3085 1023 3094 —
1043 3055 1077 3108 de
1096 3054 1254 3126 amygdalis
1273 3077 1318 3110 -ι
1342 3054 1396 3111 ‘Ibi
1410 3055 1467 3110 tria

297 3143 491 3214 amygdalam
505 3143 598 3199 medio
612 3143 687 3199 trina
701 3143 830 3216 angulari
844 3144 907 3216 lege
918 3144 1077 3214 disponunt,
1092 3161 1147 3213 que
1162 3144 1236 3198 inter
1250 3161 1278 3200 se
1292 3160 1348 3199 non
1362 3144 1466 3214 palmo,

293 3237 327 3288 ut
350 3232 522 3290 Columellae
550 3233 672 3302 videtur,
701 3233 750 3288 sed
770 3277 776 3290 .
796 3277 802 3290 .
822 3275 829 3290 .
849 3235 1013 3303 separentur
1033 3275 1039 3288 .
1059 3277 1066 3290 .
1087 3275 1093 3287 .
1117 3232 1274 3289 Columella
1301 3250 1363 3288 cum
1392 3233 1468 3288 dicat

297 3321 423 3392 “anceps
442 3321 521 3378 nucis
539 3323 576 3376 ad
593 3322 737 3377 fabonium
752 3322 906 3392 spectet'’.’
936 3323 983 3378 Bis
997 3319 1103 3378 eisdem
1117 3322 1211 3378 verbis
1225 3320 1380 3378 Columella
1392 3322 1468 3377 idem

294 3411 445 3481 praecipit,
469 3411 504 3465 de
528 3411 587 3466 arb.
607 3411 693 3467 XXII.
713 3418 728 3466 2
744 3437 778 3458 =
791 3431 813 3468 r.
832 3429 854 3468 r.
872 3412 906 3467 V.
927 3417 973 3480 10,
993 3417 1042 3466 13:
1073 3412 1128 3481 ‘(ut
1145 3413 1211 3482 nux)
1229 3429 1247 3466 a
1264 3428 1335 3466 nuce
1354 3411 1468 3466 minime

294 3497 389 3566 palmo
408 3499 484 3553 absit
502 3499 532 3552 et
550 3515 652 3570 anceps
672 3501 708 3555 ad
726 3499 882 3556 Favonium
900 3500 1030 3572 spectet!

385 3586 468 3656 Garg.
486 3585 569 3642 Mart.
588 3587 606 3643 l.
625 3589 643 3643 l.
663 3588 710 3643 IV.
730 3593 757 3643 ἵε
785 3589 900 3644 ‘Maiori
925 3590 1000 3658 parti
1022 3589 1118 3658 placet
1135 3589 1166 3642 in
1185 3589 1335 3660 pastinatis
1354 3589 1466 3644 omnino

296 3691 409 3744 ponere,
427 3673 469 3731 ita
487 3675 520 3729 ut
537 3677 613 3730 terra
631 3676 774 3732 confracta
791 3675 821 3730 in
840 3678 957 3732 duorum
975 3677 1079 3747 pedum
1102 3677 1280 3734 altitudinem
1299 3678 1466 3734 sublevetur.

296 3763 452 3821 Columella
470 3767 500 3820 et
517 3763 628 3821 Atticus
652 3765 809 3821 addendum
832 3766 924 3821 adhuc
948 3765 1092 3822 altitudini
1112 3765 1257 3822 semissem
1274 3767 1464 3838 putaverunt!

295 3855 329 3911 ef.
348 3872 370 3910 r.
389 3872 411 3910 r.
430 3854 477 3910 IV.
494 3860 536 3910 13.

385 3950 437 4000 230
455 3944 587 4016 Buresch,
605 3944 705 4002 Klaros
725 3950 807 4014 1889,
825 3963 890 4016 pag.
907 3950 994 4016 resq.
1013 3944 1101 4003 Solini
1119 3947 1206 4002 verba
1224 3952 1267 4015 40,
1288 3951 1334 4000 10:
1358 3943 1467 3999 medius

294 4051 374 4089 mons
392 4034 497 4104 Lydiae
516 4033 647 4103 Tymolos
665 4034 729 4105 (Bu)
750 4052 829 4090 eroco
848 4035 1060 4090 florentissimus
1079 4054 1113 4090 ex
1132 4033 1304 4091 Columellae
1322 4034 1385 4089 loco
1403 4052 1425 4089 r.
1443 4052 1465 4089 r.

294 4123 340 4178 llI.
355 4129 380 4191 8,
400 4129 429 4178 4:
450 4123 645 4194 ‘Ti(?)molon
665 4124 694 4178 et
712 4125 837 4192 Corycon
855 4123 953 4178 florere
972 4124 1065 4181 creco’
1086 4125 1199 4194 sumpta
1217 4139 1277 4179 esse
1297 4122 1425 4180 coniecit.

382 4235 433 4284 231
453 4231 488 4284 de
507 4230 660 4300 pecudibus
680 4229 824 4300 signandis
844 4231 962 4301 septimo
977 4230 1050 4286 libro
1068 4230 1140 4285 nihil
1159 4229 1271 4301 legitur.

384 4325 436 4374 232
454 4318 572 4376 vinacea
590 4319 705 4375 stercori
723 4318 810 4374 mista
826 4319 898 4375 vites
915 4319 1007 4376 iuvari
1024 4321 1132 4376 maiore
1149 4320 1278 4389 inopere
1297 4321 1393 4374 noster
1410 4335 1466 4375 non

296 4424 326 4463 re
347 4407 409 4463 etit.

327 4425 346 4476 p
384 4501 435 4550 233
454 4495 485 4551 in
503 4497 574 4552 libro
594 4497 630 4553 de
648 4499 794 4555 arboribus
811 4499 951 4554 ulmorum
970 4496 1112 4554 seminarii
1129 4513 1187 4553 non
1204 4498 1236 4551 fit
1254 4499 1369 4553 mentio.
