<?xml version="1.0" encoding="UTF-8"?>
<!DOCTYPE html PUBLIC "-//W3C//DTD XHTML 1.0 Transitional//EN"
    "http://www.w3.org/TR/xhtml1/DTD/xhtml1-transitional.dtd">
<html xmlns="http://www.w3.org/1999/xhtml" xml:lang="en" lang="en">
 <head>
  <title>
</title>
<meta http-equiv="Content-Type" content="text/html;charset=utf-8" />
  <meta name='ocr-system' content='tesseract 3.04.00' />
  <meta name='ocr-capabilities' content='ocr_page ocr_carea ocr_par ocr_line ocrx_word'/>
</head>
<body>
  <div class='ocr_page' id='page_1' title='image "./deljmcolumellae00bechgoog_0070.png"; bbox 0 0 3470 5124; ppageno 0'>
   <div class='ocr_carea' id='block_1_1' title="bbox 762 359 977 423">
    <p class='ocr_par' dir='ltr' id='par_1_1' title="bbox 762 359 977 423">
     <span class='ocr_line' id='line_1_1' title="bbox 762 359 977 423; baseline 0 -17"><span class='ocrx_word' id='word_1_1' title='bbox 762 359 977 423; x_wconf 63' lang='lat'>..65-</span> 
     </span>
    </p>
   </div>
   <div class='ocr_carea' id='block_1_2' title="bbox 284 529 1460 1139">
    <p class='ocr_par' dir='ltr' id='par_1_2' title="bbox 284 529 1459 872">
     <span class='ocr_line' id='line_1_2' title="bbox 286 529 1459 604; baseline 0 -15"><span class='ocrx_word' id='word_1_2' title='bbox 286 536 417 604; x_wconf 89' lang='lat' dir='ltr'><strong>septenos</strong></span> <span class='ocrx_word' id='word_1_3' title='bbox 436 532 542 589; x_wconf 88' lang='lat' dir='ltr'><strong>culleos</strong></span> <span class='ocrx_word' id='word_1_4' title='bbox 555 536 760 604; x_wconf 89' lang='lat' dir='ltr'><strong>peraequarent</strong></span> <span class='ocrx_word' id='word_1_5' title='bbox 779 577 784 590; x_wconf 95' lang='lat'>.</span> <span class='ocrx_word' id='word_1_6' title='bbox 806 578 812 590; x_wconf 99' lang='lat'>.</span> <span class='ocrx_word' id='word_1_7' title='bbox 832 535 851 590; x_wconf 88' lang='lat'><strong>.’</strong></span> <span class='ocrx_word' id='word_1_8' title='bbox 881 553 902 589; x_wconf 91' lang='lat' dir='ltr'><strong>r.</strong></span> <span class='ocrx_word' id='word_1_9' title='bbox 917 553 939 589; x_wconf 92' lang='lat' dir='ltr'><strong>r.</strong></span> <span class='ocrx_word' id='word_1_10' title='bbox 953 534 1000 592; x_wconf 88' lang='grc' dir='ltr'><strong>ΠΙ.</strong></span> <span class='ocrx_word' id='word_1_11' title='bbox 1015 540 1041 603; x_wconf 85' lang='grc'><strong>9,</strong></span> <span class='ocrx_word' id='word_1_12' title='bbox 1060 540 1089 589; x_wconf 80' lang='lat'><strong>6:</strong></span> <span class='ocrx_word' id='word_1_13' title='bbox 1110 533 1189 589; x_wconf 82' lang='lat' dir='ltr'><strong>‘Eius</strong></span> <span class='ocrx_word' id='word_1_14' title='bbox 1208 532 1250 590; x_wconf 88' lang='lat' dir='ltr'><strong>rei</strong></span> <span class='ocrx_word' id='word_1_15' title='bbox 1265 529 1459 590; x_wconf 88' lang='lat' dir='ltr'><strong>testimonium</strong></span> 
     </span>
     <span class='ocr_line' id='line_1_3' title="bbox 286 622 1459 698; baseline 0 -20"><span class='ocrx_word' id='word_1_16' title='bbox 286 626 319 678; x_wconf 90' lang='lat' dir='ltr'><strong>tu</strong></span> <span class='ocrx_word' id='word_1_17' title='bbox 336 623 500 694; x_wconf 87' lang='lat' dir='ltr'><strong>praecipue,</strong></span> <span class='ocrx_word' id='word_1_18' title='bbox 523 623 606 678; x_wconf 88' lang='lat' dir='ltr'>Publi</span> <span class='ocrx_word' id='word_1_19' title='bbox 624 622 742 693; x_wconf 82' lang='lat' dir='ltr'><strong>Silvine,</strong></span> <span class='ocrx_word' id='word_1_20' title='bbox 765 625 913 694; x_wconf 90' lang='lat' dir='ltr'><strong>perhibere</strong></span> <span class='ocrx_word' id='word_1_21' title='bbox 932 624 1013 679; x_wconf 92' lang='lat' dir='ltr'><strong>nobis</strong></span> <span class='ocrx_word' id='word_1_22' title='bbox 1031 627 1125 698; x_wconf 89' lang='lat' dir='ltr'><strong>potes,</strong></span> <span class='ocrx_word' id='word_1_23' title='bbox 1145 641 1208 678; x_wconf 90' lang='lat' dir='ltr'><strong>cum</strong></span> <span class='ocrx_word' id='word_1_24' title='bbox 1225 622 1342 693; x_wconf 86' lang='lat' dir='ltr'><strong>pulchro</strong></span> <span class='ocrx_word' id='word_1_25' title='bbox 1361 623 1459 678; x_wconf 90' lang='lat' dir='ltr'><strong>memi-</strong></span> 
     </span>
     <span class='ocr_line' id='line_1_4' title="bbox 284 712 1459 784; baseline 0 -18"><span class='ocrx_word' id='word_1_26' title='bbox 284 712 359 768; x_wconf 90' lang='lat' dir='ltr'><strong>neris</strong></span> <span class='ocrx_word' id='word_1_27' title='bbox 377 731 395 768; x_wconf 87' lang='lat' dir='ltr'><strong>a</strong></span> <span class='ocrx_word' id='word_1_28' title='bbox 412 729 457 767; x_wconf 90' lang='lat' dir='ltr'><strong>me</strong></span> <span class='ocrx_word' id='word_1_29' title='bbox 476 713 531 768; x_wconf 92' lang='lat' dir='ltr'><strong>duo</strong></span> <span class='ocrx_word' id='word_1_30' title='bbox 549 713 648 784; x_wconf 90' lang='lat' dir='ltr'><strong>iugera</strong></span> <span class='ocrx_word' id='word_1_31' title='bbox 666 713 812 770; x_wconf 84' lang='lat' dir='ltr'><strong>vinearum</strong></span> <span class='ocrx_word' id='word_1_32' title='bbox 830 713 905 768; x_wconf 89' lang='lat' dir='ltr'><strong>intra</strong></span> <span class='ocrx_word' id='word_1_33' title='bbox 921 715 1033 783; x_wconf 86' lang='lat' dir='ltr'><strong>tempus</strong></span> <span class='ocrx_word' id='word_1_34' title='bbox 1052 712 1158 767; x_wconf 90' lang='lat' dir='ltr'><strong>biennii</strong></span> <span class='ocrx_word' id='word_1_35' title='bbox 1176 731 1210 767; x_wconf 88' lang='lat' dir='ltr'><strong>ex</strong></span> <span class='ocrx_word' id='word_1_36' title='bbox 1228 729 1285 767; x_wconf 87' lang='lat' dir='ltr'><strong>una</strong></span> <span class='ocrx_word' id='word_1_37' title='bbox 1302 727 1459 783; x_wconf 76' lang='lat' dir='ltr'>praecoque</span> 
     </span>
     <span class='ocr_line' id='line_1_5' title="bbox 285 799 1376 872; baseline 0.001 -16"><span class='ocrx_word' id='word_1_38' title='bbox 285 801 351 870; x_wconf 82' lang='lat' dir='ltr'><strong>vite,</strong></span> <span class='ocrx_word' id='word_1_39' title='bbox 370 818 455 870; x_wconf 90' lang='lat' dir='ltr'><strong>quam</strong></span> <span class='ocrx_word' id='word_1_40' title='bbox 473 802 503 857; x_wconf 89' lang='lat' dir='ltr'><strong>in</strong></span> <span class='ocrx_word' id='word_1_41' title='bbox 521 799 678 858; x_wconf 78' lang='lat' dir='ltr'><strong>Caeretano</strong></span> <span class='ocrx_word' id='word_1_42' title='bbox 696 806 746 857; x_wconf 90' lang='lat' dir='ltr'><strong>tuo</strong></span> <span class='ocrx_word' id='word_1_43' title='bbox 764 802 899 872; x_wconf 77' lang='lat' dir='ltr'>possides,</span> <span class='ocrx_word' id='word_1_44' title='bbox 918 801 1050 858; x_wconf 78' lang='lat' dir='ltr'><strong>insitione</strong></span> <span class='ocrx_word' id='word_1_45' title='bbox 1069 802 1146 857; x_wconf 81' lang='lat' dir='ltr'><strong>facta</strong></span> <span class='ocrx_word' id='word_1_46' title='bbox 1164 803 1376 858; x_wconf 66' lang='lat' dir='ltr'><strong>consummata!</strong></span> 
     </span>
    </p>

    <p class='ocr_par' dir='ltr' id='par_1_3' title="bbox 285 890 1460 1139">
     <span class='ocr_line' id='line_1_6' title="bbox 374 890 1460 962; baseline -0.001 -18"><span class='ocrx_word' id='word_1_47' title='bbox 374 895 407 944; x_wconf 99' lang='grc'><strong>51</strong></span> <span class='ocrx_word' id='word_1_48' title='bbox 428 890 515 945; x_wconf 87' lang='lat' dir='ltr'><strong>Primi</strong></span> <span class='ocrx_word' id='word_1_49' title='bbox 534 892 575 945; x_wconf 90' lang='lat' dir='ltr'><strong>rei</strong></span> <span class='ocrx_word' id='word_1_50' title='bbox 598 891 721 947; x_wconf 78' lang='lat' dir='ltr'><strong>rusticae</strong></span> <span class='ocrx_word' id='word_1_51' title='bbox 744 891 810 946; x_wconf 89' lang='lat' dir='ltr'><strong>libri</strong></span> <span class='ocrx_word' id='word_1_52' title='bbox 836 890 1013 962; x_wconf 83' lang='lat' dir='ltr'><strong>praefatione</strong></span> <span class='ocrx_word' id='word_1_53' title='bbox 1036 891 1070 960; x_wconf 91' lang='lat' dir='ltr'><strong>ii,</strong></span> <span class='ocrx_word' id='word_1_54' title='bbox 1098 891 1148 960; x_wconf 90' lang='lat' dir='ltr'><strong>qui</strong></span> <span class='ocrx_word' id='word_1_55' title='bbox 1175 890 1276 945; x_wconf 87' lang='lat' dir='ltr'><strong>fundos</strong></span> <span class='ocrx_word' id='word_1_56' title='bbox 1304 892 1389 946; x_wconf 77' lang='lat' dir='ltr'><strong>seruis</strong></span> <span class='ocrx_word' id='word_1_57' title='bbox 1412 891 1460 946; x_wconf 84' lang='lat' dir='ltr'><strong>vel</strong></span> 
     </span>
     <span class='ocr_line' id='line_1_7' title="bbox 285 979 1459 1050; baseline -0.002 -15"><span class='ocrx_word' id='word_1_58' title='bbox 285 980 392 1035; x_wconf 86' lang='lat' dir='ltr'><strong>colonis</strong></span> <span class='ocrx_word' id='word_1_59' title='bbox 417 981 547 1050; x_wconf 88' lang='lat' dir='ltr'><strong>tradunt,</strong></span> <span class='ocrx_word' id='word_1_60' title='bbox 574 979 819 1036; x_wconf 84' lang='lat' dir='ltr'><strong>vehementissime</strong></span> <span class='ocrx_word' id='word_1_61' title='bbox 842 980 1045 1048; x_wconf 69' lang='lat' dir='ltr'><strong>vituperantur.</strong></span> <span class='ocrx_word' id='word_1_62' title='bbox 1080 981 1123 1034; x_wconf 85' lang='lat' dir='ltr'><strong>Ex</strong></span> <span class='ocrx_word' id='word_1_63' title='bbox 1146 996 1201 1048; x_wconf 90' lang='lat' dir='ltr'><strong>quo</strong></span> <span class='ocrx_word' id='word_1_64' title='bbox 1224 979 1368 1050; x_wconf 76' lang='lat' dir='ltr'><strong>colligitur</strong></span> <span class='ocrx_word' id='word_1_65' title='bbox 1386 997 1459 1049; x_wconf 92' lang='lat' dir='ltr'><strong>eum,</strong></span> 
     </span>
     <span class='ocr_line' id='line_1_8' title="bbox 286 1068 1360 1139; baseline 0 -15"><span class='ocrx_word' id='word_1_66' title='bbox 286 1070 322 1125; x_wconf 87' lang='lat' dir='ltr'><strong>ad</strong></span> <span class='ocrx_word' id='word_1_67' title='bbox 341 1087 425 1139; x_wconf 88' lang='lat' dir='ltr'><strong>quem</strong></span> <span class='ocrx_word' id='word_1_68' title='bbox 443 1069 509 1125; x_wconf 90' lang='lat' dir='ltr'><strong>libri</strong></span> <span class='ocrx_word' id='word_1_69' title='bbox 528 1069 687 1139; x_wconf 90' lang='lat' dir='ltr'><strong>mittuntur,</strong></span> <span class='ocrx_word' id='word_1_70' title='bbox 706 1087 764 1125; x_wconf 90' lang='lat' dir='ltr'><strong>non</strong></span> <span class='ocrx_word' id='word_1_71' title='bbox 782 1068 936 1124; x_wconf 86' lang='lat' dir='ltr'><strong>alienorum</strong></span> <span class='ocrx_word' id='word_1_72' title='bbox 956 1085 1040 1124; x_wconf 88' lang='lat' dir='ltr'><strong>curae</strong></span> <span class='ocrx_word' id='word_1_73' title='bbox 1058 1069 1174 1123; x_wconf 81' lang='lat' dir='ltr'><strong>fundum</strong></span> <span class='ocrx_word' id='word_1_74' title='bbox 1194 1068 1360 1138; x_wconf 80' lang='lat' dir='ltr'><strong>relinquere.</strong></span> 
     </span>
    </p>
   </div>
   <div class='ocr_carea' id='block_1_3' title="bbox 285 1175 1460 1692">
    <p class='ocr_par' dir='ltr' id='par_1_4' title="bbox 285 1175 1460 1692">
     <span class='ocr_line' id='line_1_9' title="bbox 373 1175 1459 1241; baseline 0 -11"><span class='ocrx_word' id='word_1_75' title='bbox 373 1182 407 1230; x_wconf 75' lang='lat'><strong>52</strong></span> <span class='ocrx_word' id='word_1_76' title='bbox 427 1176 461 1232; x_wconf 86' lang='lat' dir='ltr'><strong>cf.</strong></span> <span class='ocrx_word' id='word_1_77' title='bbox 484 1195 506 1231; x_wconf 94' lang='lat' dir='ltr'><strong>r.</strong></span> <span class='ocrx_word' id='word_1_78' title='bbox 525 1195 546 1232; x_wconf 89' lang='lat' dir='ltr'><strong>r.</strong></span> <span class='ocrx_word' id='word_1_79' title='bbox 566 1175 613 1230; x_wconf 92' lang='lat' dir='ltr'><strong>IV.</strong></span> <span class='ocrx_word' id='word_1_80' title='bbox 638 1180 667 1241; x_wconf 92' lang='lat'><strong>1,</strong></span> <span class='ocrx_word' id='word_1_81' title='bbox 692 1181 720 1230; x_wconf 92' lang='lat'><strong>1:</strong></span> <span class='ocrx_word' id='word_1_82' title='bbox 751 1177 826 1232; x_wconf 91' lang='lat' dir='ltr'><strong>‘cum</strong></span> <span class='ocrx_word' id='word_1_83' title='bbox 852 1176 887 1231; x_wconf 93' lang='lat' dir='ltr'><strong>de</strong></span> <span class='ocrx_word' id='word_1_84' title='bbox 915 1176 1004 1231; x_wconf 84' lang='lat' dir='ltr'><strong>vineis</strong></span> <span class='ocrx_word' id='word_1_85' title='bbox 1034 1176 1210 1231; x_wconf 75' lang='lat' dir='ltr'><strong>conserendis</strong></span> <span class='ocrx_word' id='word_1_86' title='bbox 1239 1175 1344 1231; x_wconf 90' lang='lat' dir='ltr'><strong>librum</strong></span> <span class='ocrx_word' id='word_1_87' title='bbox 1372 1193 1389 1230; x_wconf 90' lang='lat' dir='ltr'><strong>a</strong></span> <span class='ocrx_word' id='word_1_88' title='bbox 1413 1193 1459 1230; x_wconf 91' lang='lat' dir='ltr'><strong>me</strong></span> 
     </span>
     <span class='ocr_line' id='line_1_10' title="bbox 285 1264 1460 1335; baseline 0 -16"><span class='ocrx_word' id='word_1_89' title='bbox 285 1265 433 1335; x_wconf 89' lang='lat' dir='ltr'><strong>seriptum,</strong></span> <span class='ocrx_word' id='word_1_90' title='bbox 456 1264 539 1320; x_wconf 88' lang='lat' dir='ltr'><strong>Publi</strong></span> <span class='ocrx_word' id='word_1_91' title='bbox 558 1264 678 1334; x_wconf 84' lang='lat' dir='ltr'><strong>Silvine,</strong></span> <span class='ocrx_word' id='word_1_92' title='bbox 701 1265 889 1335; x_wconf 89' lang='lat' dir='ltr'><strong>compluribus</strong></span> <span class='ocrx_word' id='word_1_93' title='bbox 912 1264 1124 1335; x_wconf 76' lang='lat' dir='ltr'><strong>agricolationis</strong></span> <span class='ocrx_word' id='word_1_94' title='bbox 1147 1264 1279 1320; x_wconf 87' lang='lat' dir='ltr'><strong>studiosis</strong></span> <span class='ocrx_word' id='word_1_95' title='bbox 1302 1264 1460 1335; x_wconf 81' lang='lat' dir='ltr'><strong>relegisses,</strong></span> 
     </span>
     <span class='ocr_line' id='line_1_11' title="bbox 286 1352 1459 1424; baseline 0 -17"><span class='ocrx_word' id='word_1_96' title='bbox 286 1354 421 1422; x_wconf 90' lang='lat' dir='ltr'><strong>quosdam</strong></span> <span class='ocrx_word' id='word_1_97' title='bbox 436 1356 562 1424; x_wconf 85' lang='lat' dir='ltr'><strong>repertos</strong></span> <span class='ocrx_word' id='word_1_98' title='bbox 576 1369 635 1410; x_wconf 89' lang='lat' dir='ltr'><strong>esse</strong></span> <span class='ocrx_word' id='word_1_99' title='bbox 650 1355 700 1422; x_wconf 89' lang='lat' dir='ltr'><strong>ais,</strong></span> <span class='ocrx_word' id='word_1_100' title='bbox 715 1354 764 1422; x_wconf 92' lang='lat' dir='ltr'><strong>qui</strong></span> <span class='ocrx_word' id='word_1_101' title='bbox 778 1356 873 1409; x_wconf 88' lang='lat' dir='ltr'><strong>cetera</strong></span> <span class='ocrx_word' id='word_1_102' title='bbox 883 1355 998 1424; x_wconf 89' lang='lat' dir='ltr'><strong>quidam</strong></span> <span class='ocrx_word' id='word_1_103' title='bbox 1010 1356 1109 1410; x_wconf 87' lang='lat' dir='ltr'><strong>nostra</strong></span> <span class='ocrx_word' id='word_1_104' title='bbox 1121 1355 1275 1424; x_wconf 88' lang='lat' dir='ltr'><strong>praecepta</strong></span> <span class='ocrx_word' id='word_1_105' title='bbox 1287 1352 1459 1423; x_wconf 80' lang='lat' dir='ltr'><strong>laudassent,</strong></span> 
     </span>
     <span class='ocr_line' id='line_1_12' title="bbox 285 1443 1460 1513; baseline 0 -16"><span class='ocrx_word' id='word_1_106' title='bbox 285 1460 371 1497; x_wconf 90' lang='lat' dir='ltr'><strong>unum</strong></span> <span class='ocrx_word' id='word_1_107' title='bbox 383 1446 479 1498; x_wconf 87' lang='lat' dir='ltr'><strong>tamen</strong></span> <span class='ocrx_word' id='word_1_108' title='bbox 498 1446 583 1512; x_wconf 86' lang='lat' dir='ltr'><strong>atque</strong></span> <span class='ocrx_word' id='word_1_109' title='bbox 601 1444 721 1499; x_wconf 89' lang='lat' dir='ltr'><strong>alterum</strong></span> <span class='ocrx_word' id='word_1_110' title='bbox 737 1443 1003 1513; x_wconf 67' lang='lat' dir='ltr'><strong>reprehendissent!</strong></span> <span class='ocrx_word' id='word_1_111' title='bbox 1032 1461 1055 1498; x_wconf 91' lang='lat' dir='ltr'><strong>r.</strong></span> <span class='ocrx_word' id='word_1_112' title='bbox 1073 1461 1094 1499; x_wconf 91' lang='lat' dir='ltr'><strong>r.</strong></span> <span class='ocrx_word' id='word_1_113' title='bbox 1111 1444 1143 1499; x_wconf 91' lang='lat' dir='ltr'><strong>V.</strong></span> <span class='ocrx_word' id='word_1_114' title='bbox 1159 1450 1184 1511; x_wconf 86' lang='lat'><strong>1,</strong></span> <span class='ocrx_word' id='word_1_115' title='bbox 1204 1449 1232 1496; x_wconf 79' lang='lat'><strong>1:</strong></span> <span class='ocrx_word' id='word_1_116' title='bbox 1254 1443 1460 1512; x_wconf 85' lang='lat' dir='ltr'><strong>‘Superioribus</strong></span> 
     </span>
     <span class='ocr_line' id='line_1_13' title="bbox 285 1531 1459 1602; baseline -0.001 -16"><span class='ocrx_word' id='word_1_117' title='bbox 285 1531 374 1600; x_wconf 92' lang='lat' dir='ltr'><strong>libris,</strong></span> <span class='ocrx_word' id='word_1_118' title='bbox 394 1532 511 1602; x_wconf 90' lang='lat' dir='ltr'><strong>quosad</strong></span> <span class='ocrx_word' id='word_1_119' title='bbox 525 1533 604 1587; x_wconf 89' lang='lat' dir='ltr'><strong>tede</strong></span> <span class='ocrx_word' id='word_1_120' title='bbox 619 1531 822 1587; x_wconf 88' lang='lat' dir='ltr'><strong>constituendis</strong></span> <span class='ocrx_word' id='word_1_121' title='bbox 837 1531 1019 1602; x_wconf 90' lang='lat' dir='ltr'><strong>colendisque</strong></span> <span class='ocrx_word' id='word_1_122' title='bbox 1034 1531 1133 1600; x_wconf 89' lang='lat' dir='ltr'><strong>vineis,</strong></span> <span class='ocrx_word' id='word_1_123' title='bbox 1153 1531 1267 1600; x_wconf 83' lang='lat' dir='ltr'><strong>Silvine,</strong></span> <span class='ocrx_word' id='word_1_124' title='bbox 1286 1532 1459 1602; x_wconf 86' lang='lat' dir='ltr'><strong>scripseram,</strong></span> 
     </span>
     <span class='ocr_line' id='line_1_14' title="bbox 285 1618 1458 1692; baseline -0.001 -17"><span class='ocrx_word' id='word_1_125' title='bbox 285 1620 422 1676; x_wconf 90' lang='lat' dir='ltr'><strong>nonnulla</strong></span> <span class='ocrx_word' id='word_1_126' title='bbox 440 1621 561 1676; x_wconf 87' lang='lat' dir='ltr'><strong>defuisse</strong></span> <span class='ocrx_word' id='word_1_127' title='bbox 581 1621 691 1692; x_wconf 89' lang='lat' dir='ltr'><strong>dixisti,</strong></span> <span class='ocrx_word' id='word_1_128' title='bbox 709 1637 781 1690; x_wconf 87' lang='lat' dir='ltr'><strong>quae</strong></span> <span class='ocrx_word' id='word_1_129' title='bbox 800 1621 956 1691; x_wconf 89' lang='lat' dir='ltr'><strong>agrestium</strong></span> <span class='ocrx_word' id='word_1_130' title='bbox 975 1637 1091 1691; x_wconf 87' lang='lat' dir='ltr'><strong>operum</strong></span> <span class='ocrx_word' id='word_1_131' title='bbox 1110 1618 1229 1675; x_wconf 90' lang='lat' dir='ltr'><strong>studiosi</strong></span> <span class='ocrx_word' id='word_1_132' title='bbox 1248 1620 1458 1676; x_wconf 85' lang='lat' dir='ltr'><strong>desiderarent’</strong></span> 
     </span>
    </p>
   </div>
   <div class='ocr_carea' id='block_1_4' title="bbox 284 1725 1462 3664">
    <p class='ocr_par' dir='ltr' id='par_1_5' title="bbox 284 1725 1460 2227">
     <span class='ocr_line' id='line_1_15' title="bbox 376 1725 1460 1798; baseline 0 -16"><span class='ocrx_word' id='word_1_133' title='bbox 376 1733 409 1782; x_wconf 82' lang='grc'><strong>53</strong></span> <span class='ocrx_word' id='word_1_134' title='bbox 429 1728 464 1782; x_wconf 84' lang='lat' dir='ltr'><strong>ci.</strong></span> <span class='ocrx_word' id='word_1_135' title='bbox 482 1746 504 1782; x_wconf 92' lang='lat' dir='ltr'><strong>r.</strong></span> <span class='ocrx_word' id='word_1_136' title='bbox 523 1746 544 1782; x_wconf 89' lang='lat' dir='ltr'><strong>r.</strong></span> <span class='ocrx_word' id='word_1_137' title='bbox 564 1727 598 1783; x_wconf 90' lang='lat' dir='ltr'><strong>H.</strong></span> <span class='ocrx_word' id='word_1_138' title='bbox 619 1735 643 1796; x_wconf 91' lang='lat'><strong>1,</strong></span> <span class='ocrx_word' id='word_1_139' title='bbox 664 1733 693 1782; x_wconf 85' lang='lat'><strong>1:</strong></span> <span class='ocrx_word' id='word_1_140' title='bbox 713 1727 843 1793; x_wconf 86' lang='lat' dir='ltr'><strong>‘Quaeris</strong></span> <span class='ocrx_word' id='word_1_141' title='bbox 861 1745 896 1782; x_wconf 85' lang='lat' dir='ltr'><strong>ex</strong></span> <span class='ocrx_word' id='word_1_142' title='bbox 914 1743 973 1798; x_wconf 87' lang='lat' dir='ltr'><strong>mc,</strong></span> <span class='ocrx_word' id='word_1_143' title='bbox 992 1726 1075 1783; x_wconf 91' lang='lat' dir='ltr'><strong>Publi</strong></span> <span class='ocrx_word' id='word_1_144' title='bbox 1094 1725 1214 1795; x_wconf 84' lang='lat' dir='ltr'><strong>Silvine,</strong></span> <span class='ocrx_word' id='word_1_145' title='bbox 1233 1727 1309 1794; x_wconf 92' lang='lat' dir='ltr'><strong>quod</strong></span> <span class='ocrx_word' id='word_1_146' title='bbox 1328 1743 1381 1796; x_wconf 91' lang='lat' dir='ltr'><strong>ego</strong></span> <span class='ocrx_word' id='word_1_147' title='bbox 1401 1726 1460 1782; x_wconf 89' lang='lat' dir='ltr'><strong>sine</strong></span> 
     </span>
     <span class='ocr_line' id='line_1_16' title="bbox 286 1814 1460 1886; baseline -0.001 -15"><span class='ocrx_word' id='word_1_148' title='bbox 286 1817 464 1872; x_wconf 88' lang='lat' dir='ltr'><strong>cunctatione</strong></span> <span class='ocrx_word' id='word_1_149' title='bbox 483 1834 539 1872; x_wconf 90' lang='lat' dir='ltr'><strong>non</strong></span> <span class='ocrx_word' id='word_1_150' title='bbox 556 1824 654 1872; x_wconf 90' lang='lat' dir='ltr'><strong>recuso</strong></span> <span class='ocrx_word' id='word_1_151' title='bbox 669 1817 769 1872; x_wconf 90' lang='lat' dir='ltr'><strong>docere</strong></span> <span class='ocrx_word' id='word_1_152' title='bbox 784 1859 791 1871; x_wconf 94' lang='lat'>.</span> <span class='ocrx_word' id='word_1_153' title='bbox 807 1860 813 1872; x_wconf 93' lang='lat'>.</span> <span class='ocrx_word' id='word_1_154' title='bbox 830 1817 849 1871; x_wconf 93' lang='lat'><strong>.&#39;</strong></span> <span class='ocrx_word' id='word_1_155' title='bbox 878 1833 899 1870; x_wconf 89' lang='lat' dir='ltr'><strong>r.</strong></span> <span class='ocrx_word' id='word_1_156' title='bbox 914 1834 935 1871; x_wconf 91' lang='lat' dir='ltr'><strong>r.</strong></span> <span class='ocrx_word' id='word_1_157' title='bbox 951 1816 984 1872; x_wconf 87' lang='lat' dir='ltr'><strong>V.</strong></span> <span class='ocrx_word' id='word_1_158' title='bbox 1005 1822 1029 1886; x_wconf 89' lang='lat'><strong>1,</strong></span> <span class='ocrx_word' id='word_1_159' title='bbox 1048 1822 1077 1870; x_wconf 85' lang='lat'><strong>4:</strong></span> <span class='ocrx_word' id='word_1_160' title='bbox 1099 1814 1214 1871; x_wconf 88' lang='lat' dir='ltr'><strong>‘Verum</strong></span> <span class='ocrx_word' id='word_1_161' title='bbox 1233 1815 1365 1884; x_wconf 90' lang='lat' dir='ltr'><strong>quoniam</strong></span> <span class='ocrx_word' id='word_1_162' title='bbox 1378 1815 1460 1870; x_wconf 81' lang='lat' dir='ltr'><strong>iami-</strong></span> 
     </span>
     <span class='ocr_line' id='line_1_17' title="bbox 284 1903 1460 1975; baseline 0.001 -16"><span class='ocrx_word' id='word_1_163' title='bbox 284 1905 393 1960; x_wconf 88' lang='lat' dir='ltr'><strong>liariter</strong></span> <span class='ocrx_word' id='word_1_164' title='bbox 414 1923 432 1960; x_wconf 88' lang='lat' dir='ltr'><strong>a</strong></span> <span class='ocrx_word' id='word_1_165' title='bbox 453 1905 535 1960; x_wconf 85' lang='lat' dir='ltr'><strong>nobis</strong></span> <span class='ocrx_word' id='word_1_166' title='bbox 558 1909 589 1960; x_wconf 89' lang='lat' dir='ltr'><strong>tu</strong></span> <span class='ocrx_word' id='word_1_167' title='bbox 613 1922 735 1975; x_wconf 87' lang='lat' dir='ltr'><strong>quoque,</strong></span> <span class='ocrx_word' id='word_1_168' title='bbox 764 1903 883 1975; x_wconf 83' lang='lat' dir='ltr'><strong>Silvine,</strong></span> <span class='ocrx_word' id='word_1_169' title='bbox 912 1906 1064 1975; x_wconf 86' lang='lat' dir='ltr'><strong>praecepta</strong></span> <span class='ocrx_word' id='word_1_170' title='bbox 1090 1921 1284 1960; x_wconf 89' lang='lat' dir='ltr'><strong>mensurarum</strong></span> <span class='ocrx_word' id='word_1_171' title='bbox 1309 1904 1460 1972; x_wconf 87' lang='lat' dir='ltr'><strong>desideras,</strong></span> 
     </span>
     <span class='ocr_line' id='line_1_18' title="bbox 286 1993 1460 2064; baseline -0.001 -16"><span class='ocrx_word' id='word_1_172' title='bbox 286 1994 424 2063; x_wconf 86' lang='lat' dir='ltr'><strong>obsequar</strong></span> <span class='ocrx_word' id='word_1_173' title='bbox 440 1994 582 2050; x_wconf 83' lang='lat' dir='ltr'><strong>voluntati</strong></span> <span class='ocrx_word' id='word_1_174' title='bbox 599 1997 666 2049; x_wconf 89' lang='lat' dir='ltr'><strong>tuae</strong></span> <span class='ocrx_word' id='word_1_175' title='bbox 686 2013 749 2050; x_wconf 87' lang='lat' dir='ltr'><strong>oum</strong></span> <span class='ocrx_word' id='word_1_176' title='bbox 768 2010 811 2063; x_wconf 93' lang='lat' dir='ltr'><strong>eo,</strong></span> <span class='ocrx_word' id='word_1_177' title='bbox 829 2011 865 2049; x_wconf 90' lang='lat' dir='ltr'><strong>ne</strong></span> <span class='ocrx_word' id='word_1_178' title='bbox 884 1994 995 2050; x_wconf 90' lang='lat' dir='ltr'><strong>dubites</strong></span> <span class='ocrx_word' id='word_1_179' title='bbox 1015 1994 1044 2048; x_wconf 91' lang='lat' dir='ltr'><strong>id</strong></span> <span class='ocrx_word' id='word_1_180' title='bbox 1064 2011 1134 2064; x_wconf 88' lang='lat' dir='ltr'><strong>opus</strong></span> <span class='ocrx_word' id='word_1_181' title='bbox 1149 1995 1355 2064; x_wconf 79' lang='lat' dir='ltr'><strong>geometrarum</strong></span> <span class='ocrx_word' id='word_1_182' title='bbox 1369 1993 1460 2063; x_wconf 87' lang='lat' dir='ltr'><strong>magis</strong></span> 
     </span>
     <span class='ocr_line' id='line_1_19' title="bbox 286 2082 1460 2153; baseline -0.001 -16"><span class='ocrx_word' id='word_1_183' title='bbox 286 2098 347 2138; x_wconf 91' lang='lat' dir='ltr'><strong>esse</strong></span> <span class='ocrx_word' id='word_1_184' title='bbox 361 2100 446 2152; x_wconf 88' lang='lat' dir='ltr'><strong>quam</strong></span> <span class='ocrx_word' id='word_1_185' title='bbox 463 2085 641 2152; x_wconf 89' lang='lat' dir='ltr'><strong>rusticorum,</strong></span> <span class='ocrx_word' id='word_1_186' title='bbox 661 2085 766 2153; x_wconf 89' lang='lat' dir='ltr'><strong>desque</strong></span> <span class='ocrx_word' id='word_1_187' title='bbox 780 2082 902 2153; x_wconf 83' lang='lat' dir='ltr'><strong>veniam,</strong></span> <span class='ocrx_word' id='word_1_188' title='bbox 921 2084 945 2138; x_wconf 92' lang='lat' dir='ltr'><strong>si</strong></span> <span class='ocrx_word' id='word_1_189' title='bbox 959 2083 1027 2152; x_wconf 92' lang='lat' dir='ltr'><strong>quid</strong></span> <span class='ocrx_word' id='word_1_190' title='bbox 1040 2084 1070 2138; x_wconf 91' lang='lat' dir='ltr'><strong>in</strong></span> <span class='ocrx_word' id='word_1_191' title='bbox 1083 2099 1116 2138; x_wconf 94' lang='lat' dir='ltr'><strong>eo</strong></span> <span class='ocrx_word' id='word_1_192' title='bbox 1130 2083 1216 2139; x_wconf 80' lang='lat' dir='ltr'><strong>inerit</strong></span> <span class='ocrx_word' id='word_1_193' title='bbox 1230 2084 1362 2153; x_wconf 88' lang='lat' dir='ltr'><strong>erratum,</strong></span> <span class='ocrx_word' id='word_1_194' title='bbox 1381 2083 1460 2137; x_wconf 88' lang='lat' dir='ltr'><strong>cuius</strong></span> 
     </span>
     <span class='ocr_line' id='line_1_20' title="bbox 287 2171 748 2227; baseline 0.004 -2"><span class='ocrx_word' id='word_1_195' title='bbox 287 2171 433 2227; x_wconf 83' lang='lat' dir='ltr'><strong>scientiam</strong></span> <span class='ocrx_word' id='word_1_196' title='bbox 451 2172 521 2227; x_wconf 91' lang='lat' dir='ltr'><strong>mihi</strong></span> <span class='ocrx_word' id='word_1_197' title='bbox 539 2189 595 2227; x_wconf 92' lang='lat' dir='ltr'><strong>non</strong></span> <span class='ocrx_word' id='word_1_198' title='bbox 614 2171 748 2227; x_wconf 86' lang='lat' dir='ltr'><strong>vindico&#39;</strong></span> 
     </span>
    </p>

    <p class='ocr_par' dir='ltr' id='par_1_6' title="bbox 284 2257 1462 3207">
     <span class='ocr_line' id='line_1_21' title="bbox 374 2257 1460 2330; baseline 0 -17"><span class='ocrx_word' id='word_1_199' title='bbox 374 2265 409 2314; x_wconf 90' lang='grc'><strong>54</strong></span> <span class='ocrx_word' id='word_1_200' title='bbox 428 2258 638 2330; x_wconf 78' lang='lat' dir='ltr'><strong>ci.r.r.lX.16,</strong></span> <span class='ocrx_word' id='word_1_201' title='bbox 658 2266 687 2318; x_wconf 82' lang='lat'><strong>2:</strong></span> <span class='ocrx_word' id='word_1_202' title='bbox 708 2261 776 2315; x_wconf 86' lang='lat' dir='ltr'><strong>‘Sed</strong></span> <span class='ocrx_word' id='word_1_203' title='bbox 789 2260 847 2315; x_wconf 91' lang='lat' dir='ltr'><strong>iam</strong></span> <span class='ocrx_word' id='word_1_204' title='bbox 862 2263 1057 2316; x_wconf 89' lang='lat' dir='ltr'><strong>consummata</strong></span> <span class='ocrx_word' id='word_1_205' title='bbox 1070 2259 1262 2329; x_wconf 87' lang='lat' dir='ltr'><strong>disputatione</strong></span> <span class='ocrx_word' id='word_1_206' title='bbox 1277 2260 1311 2314; x_wconf 92' lang='lat' dir='ltr'><strong>de</strong></span> <span class='ocrx_word' id='word_1_207' title='bbox 1325 2257 1460 2315; x_wconf 83' lang='lat' dir='ltr'><strong>villaticis</strong></span> 
     </span>
     <span class='ocr_line' id='line_1_22' title="bbox 285 2348 1461 2420; baseline -0.003 -16"><span class='ocrx_word' id='word_1_208' title='bbox 285 2349 439 2420; x_wconf 88' lang='lat' dir='ltr'><strong>pecudibus</strong></span> <span class='ocrx_word' id='word_1_209' title='bbox 463 2351 548 2418; x_wconf 87' lang='lat' dir='ltr'><strong>atque</strong></span> <span class='ocrx_word' id='word_1_210' title='bbox 565 2350 755 2420; x_wconf 87' lang='lat' dir='ltr'><strong>pastionibus,</strong></span> <span class='ocrx_word' id='word_1_211' title='bbox 783 2367 855 2418; x_wconf 89' lang='lat' dir='ltr'><strong>quae</strong></span> <span class='ocrx_word' id='word_1_212' title='bbox 873 2350 984 2418; x_wconf 88' lang='lat' dir='ltr'><strong>reliqua</strong></span> <span class='ocrx_word' id='word_1_213' title='bbox 1000 2349 1081 2405; x_wconf 91' lang='lat' dir='ltr'><strong>nobis</strong></span> <span class='ocrx_word' id='word_1_214' title='bbox 1099 2348 1267 2403; x_wconf 91' lang='lat' dir='ltr'><strong>rusticarum</strong></span> <span class='ocrx_word' id='word_1_215' title='bbox 1284 2365 1376 2403; x_wconf 90' lang='lat' dir='ltr'><strong>rerum</strong></span> <span class='ocrx_word' id='word_1_216' title='bbox 1395 2364 1461 2418; x_wconf 89' lang='lat' dir='ltr'><strong>pars</strong></span> 
     </span>
     <span class='ocr_line' id='line_1_23' title="bbox 286 2436 1461 2509; baseline 0 -17"><span class='ocrx_word' id='word_1_217' title='bbox 286 2441 422 2509; x_wconf 87' lang='lat' dir='ltr'><strong>superest,</strong></span> <span class='ocrx_word' id='word_1_218' title='bbox 443 2439 477 2494; x_wconf 88' lang='lat' dir='ltr'><strong>de</strong></span> <span class='ocrx_word' id='word_1_219' title='bbox 497 2439 576 2494; x_wconf 90' lang='lat' dir='ltr'><strong>cultu</strong></span> <span class='ocrx_word' id='word_1_220' title='bbox 593 2439 751 2508; x_wconf 88' lang='lat' dir='ltr'><strong>hortorum,</strong></span> <span class='ocrx_word' id='word_1_221' title='bbox 770 2438 902 2508; x_wconf 89' lang='lat' dir='ltr'><strong>deinceps</strong></span> <span class='ocrx_word' id='word_1_222' title='bbox 920 2439 975 2508; x_wconf 88' lang='lat' dir='ltr'><strong>ita,</strong></span> <span class='ocrx_word' id='word_1_223' title='bbox 998 2442 1030 2494; x_wconf 89' lang='lat' dir='ltr'><strong>ut</strong></span> <span class='ocrx_word' id='word_1_224' title='bbox 1053 2439 1083 2494; x_wconf 88' lang='lat' dir='ltr'><strong>et</strong></span> <span class='ocrx_word' id='word_1_225' title='bbox 1103 2438 1159 2492; x_wconf 91' lang='lat' dir='ltr'><strong>tibi</strong></span> <span class='ocrx_word' id='word_1_226' title='bbox 1176 2439 1206 2493; x_wconf 92' lang='lat' dir='ltr'><strong>et</strong></span> <span class='ocrx_word' id='word_1_227' title='bbox 1224 2436 1348 2492; x_wconf 83' lang='lat' dir='ltr'><strong>Gallioni</strong></span> <span class='ocrx_word' id='word_1_228' title='bbox 1364 2437 1461 2493; x_wconf 90' lang='lat' dir='ltr'><strong>nostro</strong></span> 
     </span>
     <span class='ocr_line' id='line_1_24' title="bbox 286 2526 1461 2599; baseline -0.003 -15"><span class='ocrx_word' id='word_1_229' title='bbox 286 2528 504 2599; x_wconf 78' lang='lat' dir='ltr'><strong>complacuerat,</strong></span> <span class='ocrx_word' id='word_1_230' title='bbox 522 2526 553 2583; x_wconf 89' lang='lat' dir='ltr'><strong>in</strong></span> <span class='ocrx_word' id='word_1_231' title='bbox 572 2546 685 2585; x_wconf 74' lang='lat' dir='ltr'><strong>ommes</strong></span> <span class='ocrx_word' id='word_1_232' title='bbox 704 2528 897 2584; x_wconf 82' lang='lat' dir='ltr'><strong>conferemus’</strong></span> <span class='ocrx_word' id='word_1_233' title='bbox 937 2548 958 2584; x_wconf 97' lang='lat' dir='ltr'><strong>r.</strong></span> <span class='ocrx_word' id='word_1_234' title='bbox 977 2547 999 2584; x_wconf 92' lang='lat' dir='ltr'><strong>r.</strong></span> <span class='ocrx_word' id='word_1_235' title='bbox 1017 2527 1051 2582; x_wconf 88' lang='lat' dir='ltr'><strong>X.</strong></span> <span class='ocrx_word' id='word_1_236' title='bbox 1070 2527 1159 2598; x_wconf 87' lang='lat' dir='ltr'><strong>praef.</strong></span> <span class='ocrx_word' id='word_1_237' title='bbox 1178 2532 1208 2582; x_wconf 83' lang='lat'><strong>3:</strong></span> <span class='ocrx_word' id='word_1_238' title='bbox 1234 2526 1343 2593; x_wconf 83' lang='lat' dir='ltr'><strong>‘Quare</strong></span> <span class='ocrx_word' id='word_1_239' title='bbox 1369 2527 1461 2580; x_wconf 90' lang='lat' dir='ltr'><strong>cultus</strong></span> 
     </span>
     <span class='ocr_line' id='line_1_25' title="bbox 284 2615 1461 2688; baseline -0.003 -17"><span class='ocrx_word' id='word_1_240' title='bbox 284 2618 438 2686; x_wconf 87' lang='lat' dir='ltr'><strong>hortorum,</strong></span> <span class='ocrx_word' id='word_1_241' title='bbox 457 2618 590 2686; x_wconf 92' lang='lat' dir='ltr'><strong>qnoniam</strong></span> <span class='ocrx_word' id='word_1_242' title='bbox 609 2621 638 2674; x_wconf 89' lang='lat' dir='ltr'><strong>et</strong></span> <span class='ocrx_word' id='word_1_243' title='bbox 655 2618 764 2673; x_wconf 78' lang='lat' dir='ltr'><strong>fructus</strong></span> <span class='ocrx_word' id='word_1_244' title='bbox 783 2618 874 2688; x_wconf 91' lang='lat' dir='ltr'><strong>magis</strong></span> <span class='ocrx_word' id='word_1_245' title='bbox 893 2617 924 2672; x_wconf 90' lang='lat' dir='ltr'><strong>in</strong></span> <span class='ocrx_word' id='word_1_246' title='bbox 942 2635 995 2672; x_wconf 92' lang='lat' dir='ltr'><strong>usn</strong></span> <span class='ocrx_word' id='word_1_247' title='bbox 1014 2620 1065 2685; x_wconf 91' lang='lat' dir='ltr'><strong>est,</strong></span> <span class='ocrx_word' id='word_1_248' title='bbox 1085 2615 1250 2687; x_wconf 83' lang='lat' dir='ltr'><strong>diligentius</strong></span> <span class='ocrx_word' id='word_1_249' title='bbox 1267 2616 1358 2684; x_wconf 90' lang='lat' dir='ltr'><strong>nobis,</strong></span> <span class='ocrx_word' id='word_1_250' title='bbox 1377 2632 1461 2684; x_wconf 90' lang='lat' dir='ltr'><strong>quam</strong></span> 
     </span>
     <span class='ocr_line' id='line_1_26' title="bbox 284 2705 1462 2778; baseline -0.003 -18"><span class='ocrx_word' id='word_1_251' title='bbox 284 2707 462 2762; x_wconf 87' lang='lat' dir='ltr'><strong>tradiderunt</strong></span> <span class='ocrx_word' id='word_1_252' title='bbox 479 2708 614 2778; x_wconf 89' lang='lat' dir='ltr'><strong>maiores,</strong></span> <span class='ocrx_word' id='word_1_253' title='bbox 636 2707 851 2778; x_wconf 85' lang='lat' dir='ltr'><strong>praecipiendus</strong></span> <span class='ocrx_word' id='word_1_254' title='bbox 871 2710 926 2762; x_wconf 78' lang='lat' dir='ltr'><strong>estr</strong></span> <span class='ocrx_word' id='word_1_255' title='bbox 952 2706 1045 2777; x_wconf 90' lang='lat' dir='ltr'><strong>isque,</strong></span> <span class='ocrx_word' id='word_1_256' title='bbox 1074 2706 1147 2762; x_wconf 87' lang='lat' dir='ltr'><strong>sicut</strong></span> <span class='ocrx_word' id='word_1_257' title='bbox 1162 2705 1354 2773; x_wconf 85' lang='lat' dir='ltr'><strong>institueram,</strong></span> <span class='ocrx_word' id='word_1_258' title='bbox 1377 2719 1462 2774; x_wconf 89' lang='lat' dir='ltr'><strong>prosa</strong></span> 
     </span>
     <span class='ocr_line' id='line_1_27' title="bbox 286 2794 1460 2866; baseline -0.003 -17"><span class='ocrx_word' id='word_1_259' title='bbox 286 2795 411 2850; x_wconf 89' lang='lat' dir='ltr'><strong>oratione</strong></span> <span class='ocrx_word' id='word_1_260' title='bbox 429 2796 569 2866; x_wconf 86' lang='lat' dir='ltr'><strong>prioribus</strong></span> <span class='ocrx_word' id='word_1_261' title='bbox 588 2797 798 2852; x_wconf 87' lang='lat' dir='ltr'><strong>subnecteretur</strong></span> <span class='ocrx_word' id='word_1_262' title='bbox 816 2796 951 2865; x_wconf 89' lang='lat' dir='ltr'><strong>exordiis,</strong></span> <span class='ocrx_word' id='word_1_263' title='bbox 975 2794 1032 2850; x_wconf 90' lang='lat' dir='ltr'><strong>nisi</strong></span> <span class='ocrx_word' id='word_1_264' title='bbox 1049 2795 1225 2865; x_wconf 89' lang='lat' dir='ltr'><strong>propositum</strong></span> <span class='ocrx_word' id='word_1_265' title='bbox 1244 2811 1338 2848; x_wconf 88' lang='lat' dir='ltr'><strong>meum</strong></span> <span class='ocrx_word' id='word_1_266' title='bbox 1357 2808 1460 2862; x_wconf 88' lang='lat' dir='ltr'><strong>expug-</strong></span> 
     </span>
     <span class='ocr_line' id='line_1_28' title="bbox 285 2871 1460 2955; baseline -0.002 -18"><span class='ocrx_word' id='word_1_267' title='bbox 285 2885 382 2938; x_wconf 85' lang='lat' dir='ltr'><strong>nasset</strong></span> <span class='ocrx_word' id='word_1_268' title='bbox 399 2871 529 2954; x_wconf 84' lang='lat' dir='ltr'><strong>frequens</strong></span> <span class='ocrx_word' id='word_1_269' title='bbox 548 2884 704 2955; x_wconf 85' lang='lat' dir='ltr'><strong>postulatio</strong></span> <span class='ocrx_word' id='word_1_270' title='bbox 723 2886 781 2953; x_wconf 88' lang='lat' dir='ltr'><strong>tua,</strong></span> <span class='ocrx_word' id='word_1_271' title='bbox 800 2901 872 2954; x_wconf 87' lang='lat' dir='ltr'><strong>quae</strong></span> <span class='ocrx_word' id='word_1_272' title='bbox 891 2884 1019 2954; x_wconf 89' lang='lat' dir='ltr'><strong>pervicit,</strong></span> <span class='ocrx_word' id='word_1_273' title='bbox 1039 2885 1072 2938; x_wconf 90' lang='lat' dir='ltr'><strong>ut</strong></span> <span class='ocrx_word' id='word_1_274' title='bbox 1088 2883 1208 2953; x_wconf 90' lang='lat' dir='ltr'><strong>poeticis</strong></span> <span class='ocrx_word' id='word_1_275' title='bbox 1226 2882 1348 2937; x_wconf 91' lang='lat' dir='ltr'><strong>numeris</strong></span> <span class='ocrx_word' id='word_1_276' title='bbox 1368 2882 1460 2951; x_wconf 85' lang='lat' dir='ltr'><strong>exple-</strong></span> 
     </span>
     <span class='ocr_line' id='line_1_29' title="bbox 285 2969 1460 3044; baseline -0.003 -18"><span class='ocrx_word' id='word_1_277' title='bbox 285 2987 342 3026; x_wconf 91' lang='lat' dir='ltr'><strong>rem</strong></span> <span class='ocrx_word' id='word_1_278' title='bbox 361 2971 494 3044; x_wconf 81' lang='lat' dir='ltr'><strong>(leorgici</strong></span> <span class='ocrx_word' id='word_1_279' title='bbox 512 2972 643 3029; x_wconf 89' lang='lat' dir='ltr'><strong>carminis</strong></span> <span class='ocrx_word' id='word_1_280' title='bbox 667 2973 785 3029; x_wconf 88' lang='lat' dir='ltr'><strong>omissas</strong></span> <span class='ocrx_word' id='word_1_281' title='bbox 804 2975 899 3044; x_wconf 86' lang='lat' dir='ltr'><strong>partes</strong></span> <span class='ocrx_word' id='word_1_282' title='bbox 919 3015 925 3028; x_wconf 98' lang='lat'>.</span> <span class='ocrx_word' id='word_1_283' title='bbox 946 3013 952 3026; x_wconf 92' lang='lat'>.</span> <span class='ocrx_word' id='word_1_284' title='bbox 974 3014 979 3027; x_wconf 94' lang='lat'>.</span> <span class='ocrx_word' id='word_1_285' title='bbox 1000 2972 1018 3028; x_wconf 88' lang='lat'><strong>.’</strong></span> <span class='ocrx_word' id='word_1_286' title='bbox 1056 2991 1077 3027; x_wconf 91' lang='lat' dir='ltr'><strong>r.</strong></span> <span class='ocrx_word' id='word_1_287' title='bbox 1099 2991 1120 3027; x_wconf 91' lang='lat' dir='ltr'><strong>r.</strong></span> <span class='ocrx_word' id='word_1_288' title='bbox 1140 2971 1187 3026; x_wconf 93' lang='lat' dir='ltr'><strong>XI.</strong></span> <span class='ocrx_word' id='word_1_289' title='bbox 1208 2977 1232 3039; x_wconf 88' lang='lat'><strong>1,</strong></span> <span class='ocrx_word' id='word_1_290' title='bbox 1251 2977 1281 3025; x_wconf 75' lang='lat'><strong>2:</strong></span> <span class='ocrx_word' id='word_1_291' title='bbox 1307 2970 1380 3026; x_wconf 85' lang='lat' dir='ltr'><strong>‘Sed</strong></span> <span class='ocrx_word' id='word_1_292' title='bbox 1397 2969 1460 3038; x_wconf 88' lang='lat' dir='ltr'><strong>tibi,</strong></span> 
     </span>
     <span class='ocr_line' id='line_1_30' title="bbox 285 3060 1460 3133; baseline -0.003 -18"><span class='ocrx_word' id='word_1_293' title='bbox 285 3060 368 3116; x_wconf 92' lang='lat' dir='ltr'><strong>Publi</strong></span> <span class='ocrx_word' id='word_1_294' title='bbox 382 3061 497 3131; x_wconf 80' lang='lat' dir='ltr'><strong>Silvine,</strong></span> <span class='ocrx_word' id='word_1_295' title='bbox 511 3063 695 3133; x_wconf 86' lang='lat' dir='ltr'><strong>pertinaciter</strong></span> <span class='ocrx_word' id='word_1_296' title='bbox 709 3061 853 3132; x_wconf 86' lang='lat' dir='ltr'><strong>expetenti</strong></span> <span class='ocrx_word' id='word_1_297' title='bbox 866 3061 1080 3118; x_wconf 87' lang='lat' dir='ltr'><strong>versificationis</strong></span> <span class='ocrx_word' id='word_1_298' title='bbox 1092 3063 1206 3116; x_wconf 85' lang='lat' dir='ltr'><strong>nostrae</strong></span> <span class='ocrx_word' id='word_1_299' title='bbox 1220 3062 1343 3130; x_wconf 87' lang='lat' dir='ltr'><strong>gustum,</strong></span> <span class='ocrx_word' id='word_1_300' title='bbox 1357 3075 1460 3129; x_wconf 88' lang='lat' dir='ltr'><strong>negare</strong></span> 
     </span>
     <span class='ocr_line' id='line_1_31' title="bbox 285 3152 623 3207; baseline 0.009 -5"><span class='ocrx_word' id='word_1_301' title='bbox 285 3166 341 3203; x_wconf 92' lang='lat' dir='ltr'><strong>non</strong></span> <span class='ocrx_word' id='word_1_302' title='bbox 361 3152 532 3206; x_wconf 84' lang='lat' dir='ltr'><strong>sustinebam</strong></span> <span class='ocrx_word' id='word_1_303' title='bbox 552 3193 559 3207; x_wconf 98' lang='lat'>.</span> <span class='ocrx_word' id='word_1_304' title='bbox 581 3193 587 3206; x_wconf 92' lang='lat'>.</span> <span class='ocrx_word' id='word_1_305' title='bbox 607 3156 623 3206; x_wconf 84' lang='lat'><strong>.&#39;</strong></span> 
     </span>
    </p>

    <p class='ocr_par' dir='ltr' id='par_1_7' title="bbox 286 3236 1458 3398">
     <span class='ocr_line' id='line_1_32' title="bbox 375 3236 1458 3308; baseline -0.002 -16"><span class='ocrx_word' id='word_1_306' title='bbox 375 3243 410 3294; x_wconf 82' lang='lat' dir='ltr'><strong>tt</strong></span> <span class='ocrx_word' id='word_1_307' title='bbox 429 3237 464 3296; x_wconf 86' lang='lat' dir='ltr'><strong>cf.</strong></span> <span class='ocrx_word' id='word_1_308' title='bbox 479 3257 501 3294; x_wconf 93' lang='lat' dir='ltr'><strong>r.</strong></span> <span class='ocrx_word' id='word_1_309' title='bbox 511 3257 533 3294; x_wconf 92' lang='lat' dir='ltr'><strong>r.</strong></span> <span class='ocrx_word' id='word_1_310' title='bbox 547 3241 580 3293; x_wconf 89' lang='lat' dir='ltr'><strong>ll.</strong></span> <span class='ocrx_word' id='word_1_311' title='bbox 592 3244 616 3307; x_wconf 90' lang='lat'><strong>1,</strong></span> <span class='ocrx_word' id='word_1_312' title='bbox 631 3245 661 3293; x_wconf 75' lang='lat'><strong>2:</strong></span> <span class='ocrx_word' id='word_1_313' title='bbox 682 3237 795 3294; x_wconf 86' lang='lat' dir='ltr'><strong>‘Necte</strong></span> <span class='ocrx_word' id='word_1_314' title='bbox 809 3238 907 3308; x_wconf 90' lang='lat' dir='ltr'><strong>ignoro</strong></span> <span class='ocrx_word' id='word_1_315' title='bbox 922 3256 985 3294; x_wconf 91' lang='lat' dir='ltr'><strong>cum</strong></span> <span class='ocrx_word' id='word_1_316' title='bbox 999 3241 1029 3294; x_wconf 92' lang='lat' dir='ltr'><strong>et</strong></span> <span class='ocrx_word' id='word_1_317' title='bbox 1042 3239 1161 3294; x_wconf 89' lang='lat' dir='ltr'><strong>aliorum</strong></span> <span class='ocrx_word' id='word_1_318' title='bbox 1175 3236 1327 3293; x_wconf 87' lang='lat' dir='ltr'><strong>illustrium</strong></span> <span class='ocrx_word' id='word_1_319' title='bbox 1343 3237 1458 3306; x_wconf 91' lang='lat' dir='ltr'><strong>scripto·</strong></span> 
     </span>
     <span class='ocr_line' id='line_1_33' title="bbox 286 3327 1213 3398; baseline 0.001 -17"><span class='ocrx_word' id='word_1_320' title='bbox 286 3345 356 3397; x_wconf 92' lang='lat' dir='ltr'><strong>rum,</strong></span> <span class='ocrx_word' id='word_1_321' title='bbox 374 3330 433 3383; x_wconf 89' lang='lat' dir='ltr'><strong>tum</strong></span> <span class='ocrx_word' id='word_1_322' title='bbox 453 3327 604 3398; x_wconf 86' lang='lat' dir='ltr'><strong>praecipue</strong></span> <span class='ocrx_word' id='word_1_323' title='bbox 623 3327 767 3382; x_wconf 83' lang='lat' dir='ltr'><strong>Tremellii</strong></span> <span class='ocrx_word' id='word_1_324' title='bbox 785 3328 983 3384; x_wconf 87' lang='lat' dir='ltr'><strong>auctoritatem</strong></span> <span class='ocrx_word' id='word_1_325' title='bbox 1001 3327 1121 3383; x_wconf 85' lang='lat' dir='ltr'><strong>revereri</strong></span> <span class='ocrx_word' id='word_1_326' title='bbox 1140 3368 1147 3382; x_wconf 93' lang='lat'>.</span> <span class='ocrx_word' id='word_1_327' title='bbox 1168 3371 1174 3384; x_wconf 93' lang='lat'>.</span> <span class='ocrx_word' id='word_1_328' title='bbox 1194 3329 1213 3384; x_wconf 92' lang='lat'><strong>.&#39;</strong></span> 
     </span>
    </p>

    <p class='ocr_par' dir='ltr' id='par_1_8' title="bbox 286 3414 1460 3664">
     <span class='ocr_line' id='line_1_34' title="bbox 376 3414 1459 3487; baseline -0.002 -15"><span class='ocrx_word' id='word_1_329' title='bbox 376 3423 410 3472; x_wconf 87' lang='grc'><strong>55</strong></span> <span class='ocrx_word' id='word_1_330' title='bbox 429 3416 464 3474; x_wconf 82' lang='lat' dir='ltr'><strong>cf.</strong></span> <span class='ocrx_word' id='word_1_331' title='bbox 474 3435 496 3472; x_wconf 93' lang='lat' dir='ltr'><strong>r.</strong></span> <span class='ocrx_word' id='word_1_332' title='bbox 506 3436 529 3471; x_wconf 86' lang='lat' dir='ltr'><strong>r.</strong></span> <span class='ocrx_word' id='word_1_333' title='bbox 538 3416 572 3473; x_wconf 92' lang='lat' dir='ltr'><strong>V.</strong></span> <span class='ocrx_word' id='word_1_334' title='bbox 584 3422 608 3486; x_wconf 89' lang='lat'><strong>1,</strong></span> <span class='ocrx_word' id='word_1_335' title='bbox 627 3422 703 3484; x_wconf 72' lang='lat' dir='ltr'><strong>aeq:</strong></span> <span class='ocrx_word' id='word_1_336' title='bbox 724 3417 801 3471; x_wconf 87' lang='lat' dir='ltr'><strong>‘cum</strong></span> <span class='ocrx_word' id='word_1_337' title='bbox 819 3417 854 3471; x_wconf 93' lang='lat' dir='ltr'><strong>de</strong></span> <span class='ocrx_word' id='word_1_338' title='bbox 873 3417 1085 3472; x_wconf 88' lang='lat' dir='ltr'><strong>commetiendis</strong></span> <span class='ocrx_word' id='word_1_339' title='bbox 1104 3417 1180 3487; x_wconf 88' lang='lat' dir='ltr'><strong>agris</strong></span> <span class='ocrx_word' id='word_1_340' title='bbox 1192 3415 1332 3472; x_wconf 86' lang='lat' dir='ltr'><strong>rationem</strong></span> <span class='ocrx_word' id='word_1_341' title='bbox 1341 3414 1379 3472; x_wconf 82' lang='lat' dir='ltr'><strong>M.</strong></span> <span class='ocrx_word' id='word_1_342' title='bbox 1394 3414 1459 3470; x_wconf 84' lang='lat' dir='ltr'><strong>Tre·</strong></span> 
     </span>
     <span class='ocr_line' id='line_1_35' title="bbox 287 3504 1460 3577; baseline -0.005 -15"><span class='ocrx_word' id='word_1_343' title='bbox 287 3506 390 3562; x_wconf 84' lang='lat' dir='ltr'><strong>belliue</strong></span> <span class='ocrx_word' id='word_1_344' title='bbox 408 3509 503 3562; x_wconf 89' lang='lat' dir='ltr'><strong>noster</strong></span> <span class='ocrx_word' id='word_1_345' title='bbox 521 3523 539 3560; x_wconf 87' lang='lat' dir='ltr'><strong>a</strong></span> <span class='ocrx_word' id='word_1_346' title='bbox 556 3523 601 3561; x_wconf 90' lang='lat' dir='ltr'><strong>me</strong></span> <span class='ocrx_word' id='word_1_347' title='bbox 620 3505 776 3575; x_wconf 92' lang='lat' dir='ltr'><strong>requireret</strong></span> <span class='ocrx_word' id='word_1_348' title='bbox 795 3549 801 3562; x_wconf 98' lang='lat'>.</span> <span class='ocrx_word' id='word_1_349' title='bbox 817 3545 824 3560; x_wconf 97' lang='lat'>.</span> <span class='ocrx_word' id='word_1_350' title='bbox 840 3547 846 3560; x_wconf 93' lang='lat'>.</span> <span class='ocrx_word' id='word_1_351' title='bbox 865 3507 941 3575; x_wconf 90' lang='lat' dir='ltr'><strong>quod</strong></span> <span class='ocrx_word' id='word_1_352' title='bbox 960 3522 1012 3577; x_wconf 93' lang='lat' dir='ltr'><strong>ego</strong></span> <span class='ocrx_word' id='word_1_353' title='bbox 1030 3523 1087 3562; x_wconf 92' lang='lat' dir='ltr'><strong>non</strong></span> <span class='ocrx_word' id='word_1_354' title='bbox 1101 3506 1242 3577; x_wconf 88' lang='lat' dir='ltr'><strong>agricolae</strong></span> <span class='ocrx_word' id='word_1_355' title='bbox 1261 3506 1311 3559; x_wconf 88' lang='lat' dir='ltr'><strong>sed</strong></span> <span class='ocrx_word' id='word_1_356' title='bbox 1324 3504 1460 3559; x_wconf 90' lang='lat' dir='ltr'><strong>mensoris</strong></span> 
     </span>
     <span class='ocr_line' id='line_1_36' title="bbox 286 3594 1285 3664; baseline 0.001 -15"><span class='ocrx_word' id='word_1_357' title='bbox 286 3596 410 3652; x_wconf 86' lang='lat' dir='ltr'><strong>officium</strong></span> <span class='ocrx_word' id='word_1_358' title='bbox 429 3613 491 3652; x_wconf 88' lang='lat' dir='ltr'><strong>esse</strong></span> <span class='ocrx_word' id='word_1_359' title='bbox 509 3595 638 3652; x_wconf 88' lang='lat' dir='ltr'><strong>dicebam</strong></span> <span class='ocrx_word' id='word_1_360' title='bbox 658 3638 665 3652; x_wconf 95' lang='lat'>.</span> <span class='ocrx_word' id='word_1_361' title='bbox 685 3637 691 3650; x_wconf 91' lang='lat'>.</span> <span class='ocrx_word' id='word_1_362' title='bbox 712 3639 718 3652; x_wconf 92' lang='lat'>.</span> <span class='ocrx_word' id='word_1_363' title='bbox 755 3595 859 3651; x_wconf 88' lang='lat' dir='ltr'><strong>Verum</strong></span> <span class='ocrx_word' id='word_1_364' title='bbox 878 3594 1011 3664; x_wconf 88' lang='lat' dir='ltr'><strong>quoniam</strong></span> <span class='ocrx_word' id='word_1_365' title='bbox 1031 3638 1038 3652; x_wconf 89' lang='lat'>.</span> <span class='ocrx_word' id='word_1_366' title='bbox 1057 3639 1062 3652; x_wconf 96' lang='lat'>.</span> <span class='ocrx_word' id='word_1_367' title='bbox 1084 3596 1099 3651; x_wconf 93' lang='lat'><strong>.&#39;</strong></span> <span class='ocrx_word' id='word_1_368' title='bbox 1120 3614 1147 3653; x_wconf 83' lang='lat' dir='ltr'><strong>v.</strong></span> <span class='ocrx_word' id='word_1_369' title='bbox 1165 3598 1224 3652; x_wconf 87' lang='lat' dir='ltr'><strong>not.</strong></span> <span class='ocrx_word' id='word_1_370' title='bbox 1244 3601 1285 3650; x_wconf 88' lang='grc'><strong>53.</strong></span> 
     </span>
    </p>
   </div>
   <div class='ocr_carea' id='block_1_5' title="bbox 286 3701 1461 4643">
    <p class='ocr_par' dir='ltr' id='par_1_9' title="bbox 286 3701 1461 4483">
     <span class='ocr_line' id='line_1_37' title="bbox 376 3701 1459 3772; baseline -0.003 -15"><span class='ocrx_word' id='word_1_371' title='bbox 376 3709 409 3758; x_wconf 82' lang='grc'><strong>57</strong></span> <span class='ocrx_word' id='word_1_372' title='bbox 429 3703 463 3760; x_wconf 80' lang='lat' dir='ltr'><strong>cf.</strong></span> <span class='ocrx_word' id='word_1_373' title='bbox 482 3722 503 3758; x_wconf 92' lang='lat' dir='ltr'><strong>r.</strong></span> <span class='ocrx_word' id='word_1_374' title='bbox 522 3722 544 3758; x_wconf 92' lang='lat' dir='ltr'><strong>r.</strong></span> <span class='ocrx_word' id='word_1_375' title='bbox 563 3703 597 3760; x_wconf 92' lang='grc' dir='ltr'><strong>ΙΙ.</strong></span> <span class='ocrx_word' id='word_1_376' title='bbox 618 3709 644 3771; x_wconf 91' lang='grc'><strong>1,</strong></span> <span class='ocrx_word' id='word_1_377' title='bbox 663 3708 694 3758; x_wconf 70' lang='grc'><strong>15</strong></span> <span class='ocrx_word' id='word_1_378' title='bbox 715 3703 848 3769; x_wconf 81' lang='lat' dir='ltr'><strong>‘Quaeris</strong></span> <span class='ocrx_word' id='word_1_379' title='bbox 867 3720 901 3758; x_wconf 89' lang='lat' dir='ltr'><strong>ex</strong></span> <span class='ocrx_word' id='word_1_380' title='bbox 919 3720 977 3772; x_wconf 92' lang='lat' dir='ltr'><strong>me,</strong></span> <span class='ocrx_word' id='word_1_381' title='bbox 996 3703 1080 3760; x_wconf 88' lang='lat' dir='ltr'><strong>Publi</strong></span> <span class='ocrx_word' id='word_1_382' title='bbox 1098 3703 1218 3770; x_wconf 84' lang='lat' dir='ltr'><strong>Silvine,</strong></span> <span class='ocrx_word' id='word_1_383' title='bbox 1237 3702 1310 3770; x_wconf 93' lang='lat' dir='ltr'><strong>qnod</strong></span> <span class='ocrx_word' id='word_1_384' title='bbox 1330 3718 1382 3770; x_wconf 88' lang='lat' dir='ltr'><strong>ego</strong></span> <span class='ocrx_word' id='word_1_385' title='bbox 1401 3701 1459 3757; x_wconf 91' lang='lat' dir='ltr'><strong>sine</strong></span> 
     </span>
     <span class='ocr_line' id='line_1_38' title="bbox 287 3788 1460 3861; baseline 0 -17"><span class='ocrx_word' id='word_1_386' title='bbox 287 3791 465 3847; x_wconf 84' lang='lat' dir='ltr'><strong>cunctatione</strong></span> <span class='ocrx_word' id='word_1_387' title='bbox 483 3808 540 3847; x_wconf 91' lang='lat' dir='ltr'><strong>non</strong></span> <span class='ocrx_word' id='word_1_388' title='bbox 558 3808 656 3846; x_wconf 89' lang='lat' dir='ltr'><strong>recuso</strong></span> <span class='ocrx_word' id='word_1_389' title='bbox 671 3792 771 3846; x_wconf 90' lang='lat' dir='ltr'><strong>dooere</strong></span> <span class='ocrx_word' id='word_1_390' title='bbox 787 3835 793 3848; x_wconf 98' lang='lat'>.</span> <span class='ocrx_word' id='word_1_391' title='bbox 810 3835 816 3848; x_wconf 92' lang='lat'>.</span> <span class='ocrx_word' id='word_1_392' title='bbox 831 3793 852 3849; x_wconf 87' lang='lat'><strong>.’</strong></span> <span class='ocrx_word' id='word_1_393' title='bbox 882 3811 904 3846; x_wconf 93' lang='lat' dir='ltr'><strong>r.</strong></span> <span class='ocrx_word' id='word_1_394' title='bbox 917 3810 939 3848; x_wconf 93' lang='lat' dir='ltr'><strong>r.</strong></span> <span class='ocrx_word' id='word_1_395' title='bbox 955 3792 1002 3849; x_wconf 89' lang='grc' dir='ltr'><strong>ΙΠ.</strong></span> <span class='ocrx_word' id='word_1_396' title='bbox 1018 3797 1043 3860; x_wconf 75' lang='lat' dir='ltr'><strong>t,</strong></span> <span class='ocrx_word' id='word_1_397' title='bbox 1064 3799 1133 3861; x_wconf 79' lang='lat' dir='ltr'><strong>leq:</strong></span> <span class='ocrx_word' id='word_1_398' title='bbox 1154 3790 1220 3845; x_wconf 85' lang='lat' dir='ltr'><strong>‘Sed</strong></span> <span class='ocrx_word' id='word_1_399' title='bbox 1234 3791 1342 3845; x_wconf 87' lang='lat' dir='ltr'><strong>certum</strong></span> <span class='ocrx_word' id='word_1_400' title='bbox 1360 3788 1460 3856; x_wconf 88' lang='lat' dir='ltr'><strong>habeo,</strong></span> 
     </span>
     <span class='ocr_line' id='line_1_39' title="bbox 287 3877 1461 3950; baseline -0.002 -17"><span class='ocrx_word' id='word_1_401' title='bbox 287 3878 319 3935; x_wconf 93' lang='lat' dir='ltr'><strong>P.</strong></span> <span class='ocrx_word' id='word_1_402' title='bbox 339 3878 453 3949; x_wconf 83' lang='lat' dir='ltr'><strong>Silvine,</strong></span> <span class='ocrx_word' id='word_1_403' title='bbox 472 3880 634 3934; x_wconf 88' lang='lat' dir='ltr'><strong>iamdudum</strong></span> <span class='ocrx_word' id='word_1_404' title='bbox 653 3883 682 3935; x_wconf 89' lang='lat' dir='ltr'><strong>te</strong></span> <span class='ocrx_word' id='word_1_405' title='bbox 700 3881 817 3936; x_wconf 87' lang='lat' dir='ltr'><strong>tacitum</strong></span> <span class='ocrx_word' id='word_1_406' title='bbox 835 3882 985 3950; x_wconf 85' lang='lat' dir='ltr'><strong>requirere,</strong></span> <span class='ocrx_word' id='word_1_407' title='bbox 1004 3880 1082 3934; x_wconf 87' lang='lat' dir='ltr'><strong>cuins</strong></span> <span class='ocrx_word' id='word_1_408' title='bbox 1096 3878 1207 3948; x_wconf 91' lang='lat' dir='ltr'><strong>generis</strong></span> <span class='ocrx_word' id='word_1_409' title='bbox 1222 3877 1259 3932; x_wconf 88' lang='lat' dir='ltr'><strong>sit</strong></span> <span class='ocrx_word' id='word_1_410' title='bbox 1272 3877 1328 3932; x_wconf 91' lang='lat' dir='ltr'><strong>ista</strong></span> <span class='ocrx_word' id='word_1_411' title='bbox 1340 3877 1461 3932; x_wconf 86' lang='lat' dir='ltr'><strong>fecunda</strong></span> 
     </span>
     <span class='ocr_line' id='line_1_40' title="bbox 287 3966 1458 4038; baseline -0.005 -14"><span class='ocrx_word' id='word_1_412' title='bbox 287 3967 361 4038; x_wconf 87' lang='lat' dir='ltr'><strong>vitis,</strong></span> <span class='ocrx_word' id='word_1_413' title='bbox 376 3986 460 4038; x_wconf 88' lang='lat' dir='ltr'><strong>qnam</strong></span> <span class='ocrx_word' id='word_1_414' title='bbox 474 3985 525 4024; x_wconf 89' lang='lat' dir='ltr'><strong>nos</strong></span> <span class='ocrx_word' id='word_1_415' title='bbox 539 3971 600 4023; x_wconf 88' lang='lat' dir='ltr'><strong>tam</strong></span> <span class='ocrx_word' id='word_1_416' title='bbox 614 3972 744 4024; x_wconf 85' lang='lat' dir='ltr'><strong>accurate</strong></span> <span class='ocrx_word' id='word_1_417' title='bbox 758 3969 941 4025; x_wconf 88' lang='lat' dir='ltr'><strong>describimus</strong></span> <span class='ocrx_word' id='word_1_418' title='bbox 1018 3969 1074 4024; x_wconf 83' lang='lat' dir='ltr'><strong>Sed</strong></span> <span class='ocrx_word' id='word_1_419' title='bbox 1088 3967 1283 4038; x_wconf 91' lang='lat' dir='ltr'><strong>proposuimus</strong></span> <span class='ocrx_word' id='word_1_420' title='bbox 1294 3966 1393 4021; x_wconf 90' lang='lat' dir='ltr'><strong>docere</strong></span> <span class='ocrx_word' id='word_1_421' title='bbox 1404 4007 1410 4021; x_wconf 97' lang='lat'>.</span> <span class='ocrx_word' id='word_1_422' title='bbox 1422 4008 1428 4020; x_wconf 93' lang='lat'>.</span> <span class='ocrx_word' id='word_1_423' title='bbox 1439 3966 1458 4020; x_wconf 94' lang='lat'><strong>.&#39;</strong></span> 
     </span>
     <span class='ocr_line' id='line_1_41' title="bbox 287 4054 1459 4127; baseline -0.003 -16"><span class='ocrx_word' id='word_1_424' title='bbox 287 4077 308 4112; x_wconf 95' lang='lat' dir='ltr'><strong>r.</strong></span> <span class='ocrx_word' id='word_1_425' title='bbox 328 4077 349 4112; x_wconf 92' lang='lat' dir='ltr'><strong>r.</strong></span> <span class='ocrx_word' id='word_1_426' title='bbox 369 4057 415 4112; x_wconf 89' lang='lat' dir='ltr'><strong>IV.</strong></span> <span class='ocrx_word' id='word_1_427' title='bbox 435 4064 465 4127; x_wconf 86' lang='grc'><strong>3,</strong></span> <span class='ocrx_word' id='word_1_428' title='bbox 491 4063 520 4114; x_wconf 76' lang='grc'><strong>55</strong></span> <span class='ocrx_word' id='word_1_429' title='bbox 546 4058 684 4126; x_wconf 84' lang='lat' dir='ltr'><strong>‘Experto</strong></span> <span class='ocrx_word' id='word_1_430' title='bbox 709 4057 897 4126; x_wconf 88' lang='lat' dir='ltr'><strong>mihicrede,</strong></span> <span class='ocrx_word' id='word_1_431' title='bbox 923 4055 1030 4114; x_wconf 83' lang='lat' dir='ltr'><strong>Silvine</strong></span> <span class='ocrx_word' id='word_1_432' title='bbox 1049 4101 1055 4114; x_wconf 95' lang='lat'>.</span> <span class='ocrx_word' id='word_1_433' title='bbox 1076 4099 1082 4112; x_wconf 96' lang='lat'>.</span> <span class='ocrx_word' id='word_1_434' title='bbox 1103 4099 1109 4112; x_wconf 92' lang='lat'>.</span> <span class='ocrx_word' id='word_1_435' title='bbox 1128 4057 1147 4111; x_wconf 92' lang='lat'><strong>.’</strong></span> <span class='ocrx_word' id='word_1_436' title='bbox 1189 4074 1212 4111; x_wconf 93' lang='lat' dir='ltr'><strong>r.</strong></span> <span class='ocrx_word' id='word_1_437' title='bbox 1230 4073 1252 4109; x_wconf 89' lang='lat' dir='ltr'><strong>r.</strong></span> <span class='ocrx_word' id='word_1_438' title='bbox 1270 4054 1304 4112; x_wconf 90' lang='lat' dir='ltr'><strong>X.</strong></span> <span class='ocrx_word' id='word_1_439' title='bbox 1323 4055 1411 4124; x_wconf 85' lang='lat' dir='ltr'><strong>praef.</strong></span> <span class='ocrx_word' id='word_1_440' title='bbox 1430 4061 1459 4109; x_wconf 82' lang='lat'><strong>³:</strong></span> 
     </span>
     <span class='ocr_line' id='line_1_42' title="bbox 288 4143 1459 4215; baseline -0.004 -13"><span class='ocrx_word' id='word_1_441' title='bbox 288 4147 393 4214; x_wconf 82' lang='lat' dir='ltr'><strong>‘Quare</strong></span> <span class='ocrx_word' id='word_1_442' title='bbox 413 4146 505 4200; x_wconf 88' lang='lat' dir='ltr'><strong>cultus</strong></span> <span class='ocrx_word' id='word_1_443' title='bbox 525 4148 683 4215; x_wconf 87' lang='lat' dir='ltr'><strong>hortorum,</strong></span> <span class='ocrx_word' id='word_1_444' title='bbox 706 4145 839 4214; x_wconf 87' lang='lat' dir='ltr'><strong>quoniam</strong></span> <span class='ocrx_word' id='word_1_445' title='bbox 863 4147 894 4200; x_wconf 91' lang='lat' dir='ltr'><strong>et</strong></span> <span class='ocrx_word' id='word_1_446' title='bbox 911 4145 1016 4200; x_wconf 68' lang='grc'><strong>1555155</strong></span> <span class='ocrx_word' id='word_1_447' title='bbox 1040 4144 1130 4215; x_wconf 87' lang='lat' dir='ltr'><strong>magis</strong></span> <span class='ocrx_word' id='word_1_448' title='bbox 1149 4145 1178 4198; x_wconf 92' lang='lat' dir='ltr'><strong>in</strong></span> <span class='ocrx_word' id='word_1_449' title='bbox 1196 4162 1249 4198; x_wconf 88' lang='grc'><strong>555</strong></span> <span class='ocrx_word' id='word_1_450' title='bbox 1268 4148 1321 4212; x_wconf 90' lang='lat' dir='ltr'><strong>est,</strong></span> <span class='ocrx_word' id='word_1_451' title='bbox 1342 4143 1459 4213; x_wconf 87' lang='lat' dir='ltr'><strong>diligen-</strong></span> 
     </span>
     <span class='ocr_line' id='line_1_43' title="bbox 286 4232 1459 4305; baseline -0.004 -15"><span class='ocrx_word' id='word_1_452' title='bbox 286 4235 342 4291; x_wconf 91' lang='lat' dir='ltr'><strong>tius</strong></span> <span class='ocrx_word' id='word_1_453' title='bbox 362 4234 452 4305; x_wconf 89' lang='lat' dir='ltr'><strong>nobis,</strong></span> <span class='ocrx_word' id='word_1_454' title='bbox 472 4253 555 4303; x_wconf 88' lang='lat' dir='ltr'><strong>quam</strong></span> <span class='ocrx_word' id='word_1_455' title='bbox 574 4233 752 4290; x_wconf 88' lang='lat' dir='ltr'><strong>tradiderunt</strong></span> <span class='ocrx_word' id='word_1_456' title='bbox 770 4233 897 4304; x_wconf 89' lang='lat' dir='ltr'><strong>maiores,</strong></span> <span class='ocrx_word' id='word_1_457' title='bbox 917 4233 1131 4305; x_wconf 89' lang='lat' dir='ltr'><strong>praecipiendus</strong></span> <span class='ocrx_word' id='word_1_458' title='bbox 1150 4234 1214 4288; x_wconf 65' lang='lat' dir='ltr'><strong>est!</strong></span> <span class='ocrx_word' id='word_1_459' title='bbox 1252 4252 1274 4288; x_wconf 88' lang='lat' dir='ltr'><strong>r.</strong></span> <span class='ocrx_word' id='word_1_460' title='bbox 1294 4250 1315 4288; x_wconf 95' lang='lat' dir='ltr'><strong>r.</strong></span> <span class='ocrx_word' id='word_1_461' title='bbox 1330 4232 1363 4288; x_wconf 90' lang='lat' dir='ltr'><strong>X.</strong></span> <span class='ocrx_word' id='word_1_462' title='bbox 1383 4251 1408 4288; x_wconf 89' lang='lat' dir='ltr'><strong>v.</strong></span> <span class='ocrx_word' id='word_1_463' title='bbox 1430 4238 1459 4286; x_wconf 87' lang='lat'><strong>1:</strong></span> 
     </span>
     <span class='ocr_line' id='line_1_44' title="bbox 288 4321 1460 4396; baseline -0.004 -16"><span class='ocrx_word' id='word_1_464' title='bbox 288 4325 451 4381; x_wconf 87' lang='lat' dir='ltr'><strong>‘Hortorum</strong></span> <span class='ocrx_word' id='word_1_465' title='bbox 470 4341 582 4396; x_wconf 90' lang='lat' dir='ltr'><strong>quoque</strong></span> <span class='ocrx_word' id='word_1_466' title='bbox 596 4325 625 4380; x_wconf 85' lang='lat' dir='ltr'><strong>te</strong></span> <span class='ocrx_word' id='word_1_467' title='bbox 644 4326 744 4393; x_wconf 89' lang='lat' dir='ltr'><strong>cultus,</strong></span> <span class='ocrx_word' id='word_1_468' title='bbox 764 4322 879 4391; x_wconf 81' lang='lat' dir='ltr'><strong>Silvine,</strong></span> <span class='ocrx_word' id='word_1_469' title='bbox 898 4324 1025 4379; x_wconf 69' lang='lat' dir='ltr'><strong>docebo!</strong></span> <span class='ocrx_word' id='word_1_470' title='bbox 1063 4340 1084 4380; x_wconf 89' lang='lat' dir='ltr'><strong>r.</strong></span> <span class='ocrx_word' id='word_1_471' title='bbox 1100 4341 1121 4378; x_wconf 92' lang='lat' dir='ltr'><strong>r.</strong></span> <span class='ocrx_word' id='word_1_472' title='bbox 1136 4323 1169 4379; x_wconf 93' lang='lat' dir='ltr'><strong>X.</strong></span> <span class='ocrx_word' id='word_1_473' title='bbox 1185 4328 1286 4378; x_wconf 63' lang='lat' dir='ltr'><strong>vaes:</strong></span> <span class='ocrx_word' id='word_1_474' title='bbox 1307 4321 1460 4377; x_wconf 87' lang='lat' dir='ltr'><strong>‘Hactenus</strong></span> 
     </span>
     <span class='ocr_line' id='line_1_45' title="bbox 287 4413 844 4483; baseline -0.005 -14"><span class='ocrx_word' id='word_1_475' title='bbox 287 4431 414 4470; x_wconf 83' lang='lat' dir='ltr'><strong>arvorum</strong></span> <span class='ocrx_word' id='word_1_476' title='bbox 435 4415 535 4482; x_wconf 89' lang='lat' dir='ltr'><strong>cultus,</strong></span> <span class='ocrx_word' id='word_1_477' title='bbox 554 4413 670 4483; x_wconf 84' lang='lat' dir='ltr'><strong>Silvine,</strong></span> <span class='ocrx_word' id='word_1_478' title='bbox 689 4413 844 4468; x_wconf 64' lang='lat' dir='ltr'><strong>docebam?</strong></span> 
     </span>
    </p>

    <p class='ocr_par' dir='ltr' id='par_1_10' title="bbox 379 4501 1461 4571">
     <span class='ocr_line' id='line_1_46' title="bbox 379 4501 1461 4571; baseline -0.004 -14"><span class='ocrx_word' id='word_1_479' title='bbox 379 4509 413 4558; x_wconf 85' lang='grc'><strong>58</strong></span> <span class='ocrx_word' id='word_1_480' title='bbox 432 4503 466 4558; x_wconf 83' lang='lat' dir='ltr'><strong>cf.</strong></span> <span class='ocrx_word' id='word_1_481' title='bbox 488 4503 583 4558; x_wconf 86' lang='lat' dir='ltr'><strong>Senec.</strong></span> <span class='ocrx_word' id='word_1_482' title='bbox 604 4520 676 4558; x_wconf 89' lang='lat' dir='ltr'><strong>snas.</strong></span> <span class='ocrx_word' id='word_1_483' title='bbox 697 4508 723 4571; x_wconf 93' lang='grc'><strong>5,</strong></span> <span class='ocrx_word' id='word_1_484' title='bbox 742 4507 758 4556; x_wconf 89' lang='lat'>8</span> <span class='ocrx_word' id='word_1_485' title='bbox 778 4503 865 4557; x_wconf 86' lang='lat' dir='ltr'><strong>contr.</strong></span> <span class='ocrx_word' id='word_1_486' title='bbox 885 4502 906 4571; x_wconf 96' lang='lat' dir='ltr'><strong>l,</strong></span> <span class='ocrx_word' id='word_1_487' title='bbox 928 4509 955 4570; x_wconf 92' lang='lat'><strong>1,</strong></span> <span class='ocrx_word' id='word_1_488' title='bbox 974 4507 999 4555; x_wconf 82' lang='lat'><strong>4.</strong></span> <span class='ocrx_word' id='word_1_489' title='bbox 1036 4504 1078 4558; x_wconf 91' lang='lat' dir='ltr'><strong>De</strong></span> <span class='ocrx_word' id='word_1_490' title='bbox 1096 4502 1232 4560; x_wconf 79' lang='lat' dir='ltr'><strong>Gallionis</strong></span> <span class='ocrx_word' id='word_1_491' title='bbox 1255 4502 1375 4557; x_wconf 88' lang='lat' dir='ltr'><strong>rhetoris</strong></span> <span class='ocrx_word' id='word_1_492' title='bbox 1401 4501 1461 4557; x_wconf 86' lang='lat' dir='ltr'><strong>vita</strong></span> 
     </span>
    </p>

    <p class='ocr_par' dir='ltr' id='par_1_11' title="bbox 1282 4596 1298 4643">
     <span class='ocr_line' id='line_1_47' title="bbox 1282 4596 1298 4643; baseline 0 0"><span class='ocrx_word' id='word_1_493' title='bbox 1282 4596 1298 4643; x_wconf 81' lang='grc' dir='ltr'>ὅ</span> 
     </span>
    </p>
   </div>
   <div class='ocr_carea' id='block_1_6' title="bbox 0 0 1742 5124">
    <p class='ocr_par' dir='ltr' id='par_1_12' title="bbox 0 0 1742 5124">
     <span class='ocr_line' id='line_1_48' title="bbox 0 0 1742 5124; baseline 0 0"><span class='ocrx_word' id='word_1_494' title='bbox 0 0 1742 5124; x_wconf 95' lang='lat' dir='ltr'><strong> </strong></span> 
     </span>
    </p>
   </div>
  </div>
 </body>
</html>
