3470 5124
796 347 1016 412 -3g..

410 527 448 591 de
472 525 656 590 arboribus:
1021 544 1046 587 r.
1068 544 1107 587 r.:

320 634 402 698 tima
425 632 540 717 capitis
564 631 663 698 verba
685 631 766 696 haec
790 635 878 696 sunt:
927 629 1260 713 praecipiamusetiam
1270 629 1494 714 cuttusearum,

320 739 378 805 ‘El
394 740 541 822 qnoniam
558 741 595 804 de
612 739 778 805 seminibus
791 743 881 822 atque
933 737 1091 820 dequibus
1109 737 1244 820 sequenti
1256 736 1410 802 volumine
1420 735 1493 820 plu-

320 847 429 912 tabitn
440 848 499 913 soti
504 847 727 930 praecepimus,
745 865 828 912 nunc
846 845 882 910 de
934 845 1021 910 ribaus
1042 842 1244 910 disseremus?

318 975 427 1038 penere
453 955 614 1019 uinearum
637 951 881 1036 disputabimus?

412 1060 527 1145 Itaque
550 1059 745 1143 Columella,
773 1080 855 1144 quae
884 1061 980 1123 antea
1003 1057 1115 1143 paucis
1139 1057 1358 1143 paragraphis
1381 1059 1496 1125 leviter

325 1167 496 1251 attigerat,
524 1167 675 1232 undecim
703 1164 864 1251 capitibus
894 1163 1019 1230 Silvino
1048 1167 1197 1229 accurate
1221 1163 1399 1250 descripsit.
1444 1165 1497 1230 Ad

323 1274 531 1339 tractationis
555 1273 802 1357 dispositionem
825 1272 932 1357 capite
956 1273 1072 1356 quarto
1096 1292 1169 1335 cum
1193 1270 1297 1336 amico
1321 1271 1496 1336 communi·

324 1383 431 1445 catam
445 1377 647 1464 reversus,¹⁶⁹
670 1379 775 1465 capite
794 1379 963 1444 undecimo
982 1377 1236 1463 pastinationem
1254 1379 1392 1462 contigit
1408 1378 1497 1444 hisce

324 1485 444 1551 verbis:
468 1485 573 1550 ‘Nunc
591 1486 634 1551 ad
655 1486 807 1569 reliquum
826 1486 964 1551 ordinem
976 1485 1154 1567 propositae
1170 1485 1380 1567 dispositionis
1402 1486 1497 1551 redeo.

325 1591 471 1675 Sequitur
492 1591 573 1657 banc
595 1593 725 1675 stipendi
752 1592 888 1657 malleoli
914 1611 1023 1656 curam
1045 1592 1271 1673 pastinationis
1293 1590 1444 1676 officium,
1470 1593 1499 1657 si

324 1705 427 1765 tanuen
449 1702 521 1767 ante
542 1699 579 1763 de
600 1698 749 1780 qualitate
771 1698 830 1762 soli
851 1693 1038 1762 constiterit?
1075 1694 1215 1762 Netum
1235 1696 1362 1782 quidem
1382 1721 1402 1762 a
1425 1720 1499 1782 pro-

325 1806 433 1890 posito
456 1827 522 1870 non
546 1803 734 1890 digreditur.
770 1803 1012 1869 DecliuetIones
1032 1803 1119 1868 enim
1138 1804 1253 1870 breves
1271 1805 1411 1890 legimus
1430 1827 1455 1870 r.
1473 1827 1498 1869 r.

324 1911 384 1977 III.
408 1933 477 1996 cap.
498 1909 554 1994 11,
576 1913 597 1990 ξ
622 1911 730 1975 1-4:
764 1911 816 1976 ‘ac
833 1911 1019 1995 priusquam
1046 1911 1149 1993 ipsam
1169 1912 1398 1994 perspiciamus
1421 1913 1502 1978 illud

325 2018 579 2100 antiquissimum
601 2007 763 2102 censemus,
786 2019 893 2084 rudem
910 2018 1017 2100 potius
1039 2018 1210 2101 elipandum
1232 2039 1343 2102 aprum
1367 2067 1401 2083 ..
1425 2017 1443 2084 .'
1468 2021 1500 2082 ct

327 2145 354 2191 r.
377 2148 402 2190 r.
424 2123 482 2190 111.
507 2147 575 2209 cap.
601 2126 656 2209 11,
680 2125 700 2204 ξ
724 2123 820 2190 5-6
849 2122 900 2190 ‘at
920 2125 974 2190 ubi
991 2145 1076 2207 pura
1098 2125 1225 2190 naualia
1247 2125 1408 2191 arboribus
1430 2130 1502 2192 sunt

198 2301 200 2306 ,
329 2233 425 2298 libera
448 2281 457 2298 .
481 2281 489 2296 .
513 2231 531 2297 .'
564 2231 646 2295 Tum
671 2231 798 2296 demum
823 2231 864 2297 ad
883 2232 1087 2316 propositum
1103 2229 1282 2296 Columella
1305 2255 1339 2298 sc
1362 2235 1500 2298 revocat.

327 2339 378 2406 Er
401 2341 596 2405 tractatione
621 2359 702 2422 quae
727 2338 882 2423 sequitur,
905 2338 984 2403 haec
1008 2339 1163 2422 exscripsi
1187 2339 1297 2403 verba:

418 2449 438 2526 ξ
462 2447 491 2510 8.
515 2444 562 2510 ‘ut
582 2466 651 2510 mea
670 2445 734 2527 fert
755 2446 859 2528 opinio
883 2494 889 2508 .
910 2494 943 2510 ..
975 2445 1124 2528 prinus
1146 2446 1267 2527 quidem
1289 2450 1407 2511 secutus
1432 2446 1502 2511 Tre·

329 2553 467 2618 mettium
490 2600 497 2616 .
523 2603 529 2615 .
553 2602 560 2616 .
583 2572 631 2616 me
652 2571 715 2616 nou
738 2552 937 2616 dissentient.
984 2551 1056 2631 §it
1168 2557 1204 2616 nt
1225 2553 1273 2617 ait
1294 2552 1399 2618 Iulius
1421 2554 1504 2618 Atti

329 2679 382 2725 cus
406 2707 413 2722 .
434 2707 475 2724 ..
520 2657 776 2738 §tomitem
794 2657 916 2722 Atticus
938 2658 986 2721 ait
1008 2706 1138 2722 .....
1185 2659 1368 2744 cap.12,§
1393 2661 1420 2724 1.
1444 2659 1506 2726 sa

329 2787 367 2832 ne
389 2785 472 2830 uunc
488 2785 548 2846 per
574 2765 718 2846 infinitas
746 2765 858 2829 terreni
880 2764 991 2848 speeies
1013 2784 1187 2851 acupentu,
1213 2786 1277 2830 non
1298 2767 1505 2849 intempestiue

330 2870 634 2938 commemorabimus
655 2870 738 2936 Iulii
761 2869 910 2937 Graecini
931 2873 1012 2936 uelut
1030 2871 1202 2952 formulam
1225 2924 1231 2938 .
1251 2921 1284 2938 ..
1329 2877 1349 2954 ἓ
1373 2874 1403 2940 5.
1426 2895 1505 2957 puae

330 2983 439 3045 cuncta
453 2978 547 3062 (sic-ut
564 2999 615 3062 epo
628 2978 712 3064 reor)
727 2980 826 3062 mapis
838 2982 980 3062 prosunt,
1002 2999 1072 3044 cum
1090 2979 1279 3063 suffrapetur
1296 2981 1389 3045 etiam
1407 2986 1506 3047 status

332 3086 424 3152 caeti:
457 3086 545 3152 cuius
571 3087 724 3169 reptantem
751 3106 846 3168 quam
868 3089 1001 3167 spectare
1027 3086 1154 3151 debeant
1181 3087 1298 3173 mucce,
1330 3092 1414 3154 actm
1440 3093 1506 3154 erat

332 3194 494 3277 dissensio,
516 3191 654 3258 Saserna
677 3193 811 3260 manime
827 3193 979 3276 probante
1002 3243 1009 3258 .
1033 3241 1041 3258 .
1066 3243 1072 3256 .
1096 3244 1102 3257 .
1150 3194 1311 3260 Tremellio
1334 3194 1445 3277 Scrofa
1468 3247 1474 3261 .
1499 3244 1506 3259 .

332 3306 452 3367 censent
489 3300 715 3383 ...Verpilic
740 3299 971 3366 ..Democrito
994 3304 1023 3364 et
1043 3300 1179 3382 Mapane
1202 3351 1235 3366 ..
1260 3301 1358 3367 Nobis
1380 3303 1414 3367 in
1437 3303 1507 3367 uni-

332 3427 452 3472 uersum
470 3407 647 3488 praecipere
670 3407 818 3490 optimum
836 3408 938 3472 cisum
955 3410 1000 3471 est
1022 3455 1028 3469 .
1049 3403 1095 3470 ..⁹
1124 3402 1238 3490 Capite
1262 3408 1359 3474 tertio
1383 3409 1505 3475 decimo

333 3511 511 3598 pastinatio
540 3511 729 3578 absolvitur.
781 3511 863 3576 Octo
897 3533 978 3597 quae
1012 3516 1191 3596 sequuntur
1222 3515 1330 3598 capita
1358 3516 1398 3580 ad
1427 3537 1507 3601 opus

334 3620 447 3685 vineae
470 3617 685 3682 conserendae
703 3619 876 3702 pertinent.
913 3617 987 3682 Iulii
1003 3617 1106 3683 Attici
1126 3623 1159 3685 et
1174 3617 1318 3686 (lornelii
1333 3619 1419 3687 Celsi
1438 3643 1508 3687 sen·

335 3726 454 3791 tentias
474 3724 612 3808 scriptor
632 3747 727 3810 saepe
741 3726 776 3789 in
791 3726 1045 3791 controversiam
1059 3728 1163 3810 vocat,
1187 3726 1227 3792 cf.
1241 3749 1267 3792 e.
1281 3748 1312 3813 g.
1326 3750 1393 3812 cap.
1411 3731 1460 3814 18,
1474 3731 1508 3794 2:

336 3834 473 3902 ‘Vitiosa
496 3837 547 3917 est,
570 3837 606 3896 ut
626 3853 694 3898 mea
715 3834 778 3913 fert
799 3833 913 3918 opinio,
935 3832 1017 3897 Iulii
1031 3833 1129 3898 Attici
1150 3835 1243 3912 satio,
1265 3855 1344 3917 qnae
1366 3837 1509 3901 contortis

338 3941 490 4026 capitibus
511 3939 688 4005 malleolum
710 3941 830 4023 recipit,
857 3941 980 4023 eiusque
1007 3940 1053 4005 rei
1078 3941 1223 4007 vitandae
1250 3961 1314 4006 non
1341 3944 1509 4009 ueneratio

337 4049 403 4117 est’
449 4047 573 4113 Prioris
597 4049 705 4130 operis
730 4047 904 4112 dictionem
928 4047 1088 4130 expressis
1113 4046 1219 4113 verbis
1243 4049 1389 4132 corrigit:

426 4155 465 4219 de
488 4153 672 4219 arboribus:
1040 4176 1066 4219 r.
1088 4176 1128 4220 r.:

382 4283 451 4346 cap.
477 4261 505 4344 1,
528 4263 548 4340 ἓ
572 4259 602 4326 5.
646 4259 769 4345 ‘Ipsum
794 4266 897 4326 autem
993 4259 1051 4325 III.
1075 4282 1143 4344 cap.
1170 4259 1224 4344 18,
1258 4261 1284 4326 1.
1329 4260 1511 4328 ‘Pastinum

338 4389 456 4453 aprum,
476 4388 563 4450 quem
580 4368 748 4433 seminario
765 4369 896 4434 destina
948 4373 1058 4434 uocant
1096 4367 1247 4452 apricolae
1287 4368 1511 4450 ferramentum

337 4476 429 4560 ueris,
451 4474 586 4556 ptauum
613 4480 642 4541 et
666 4493 822 4542 succcsmu
848 4481 899 4541 sat
949 4474 1116 4560 bifurcum,
1143 4496 1202 4559 quo
1228 4476 1348 4541 semina
1366 4496 1510 4561 panpuu-
