3470 5124
859 1183 887 1256 I.

619 1363 685 1437 De
713 1360 991 1437 Columellae
1018 1361 1127 1438 vita.

819 1539 925 1547 ---

787 1642 912 1728 Caput
933 1643 958 1708 Ι.

331 1771 538 1872 columellae
561 1815 632 1870 vita
655 1816 699 1871 ad
721 1805 829 1884 ipsius
852 1815 1058 1884 scriptorum
1080 1814 1184 1869 fidem
1207 1799 1414 1869 enarratur.⁵
1521 1831 1523 1835 ·

375 2001 482 2068 Gades
513 2002 575 2067 sibi
608 2001 748 2088 patriam
781 2024 852 2067 esse
885 2000 1025 2085 scriptor
1054 2002 1124 2085 ipse
1157 1997 1299 2065 narrat.⁶
1354 1999 1460 2076 Quam

285 2131 387 2194 prope
424 2109 538 2174 urbem
570 2130 667 2194 agros
700 2113 733 2173 et
763 2108 960 2173 domicilium
994 2107 1182 2192 possidebat
1216 2110 1350 2191 patruus
1382 2107 1461 2191 eius,

186 2217 187 2220 ’
283 2214 326 2283 M.
350 2215 582 2299 Columella,
613 2213 663 2280 vir
685 2214 869 2280 illustribus
889 2214 1069 2300 disciplinis
1098 2214 1241 2278 eruditus
1266 2235 1303 2278 ac
1327 2214 1460 2298 diligen·

286 2323 432 2388 tissimus
456 2320 602 2406 agricola
625 2319 777 2386 Baeticae
799 2317 1014 2405 provinciael,
1037 2321 1121 2386 aeris
1145 2319 1195 2385 vir
1217 2318 1367 2406 ingenii⁸,
1394 2342 1462 2385 non

285 2430 392 2494 minus
416 2450 580 2514 agrorum,
603 2427 728 2512 vitium,
751 2427 904 2493 arborum
923 2423 1151 2493 colendorum9
1175 2449 1272 2512 quam
1291 2427 1460 2510 pecuariae

283 2535 450 2600 faciendae
459 2532 484 2572 ¹⁰
507 2535 639 2619 peritus.
685 2535 768 2600 Erat
794 2556 965 2619 possessor
994 2555 1147 2619 agrorum
1174 2570 1211 2580 —
1238 2555 1303 2598 non
1326 2533 1460 2600 colonus

286 2642 337 2706 vel
361 2639 507 2707 rilicus¹¹
529 2642 762 2708 -habitabat
784 2643 818 2706 in
837 2639 999 2726 Hispania
1018 2641 1162 2725 Baetica,
1185 2663 1267 2726 quae
1291 2663 1310 2704 a
1333 2640 1461 2706 victori·

284 2749 345 2814 bus
379 2748 536 2814 Romanis
568 2771 675 2814 mores
707 2753 740 2813 et
773 2749 895 2813 cultum
931 2745 1135 2834 acceperatffi.
1181 2748 1254 2812 Illic
1288 2769 1360 2812 cum
1392 2769 1461 2811 rem

283 2856 468 2939 pecuariam
503 2859 573 2920 tum
608 2856 690 2942 vini,
726 2854 802 2938 olei,
842 2856 939 2921 oleris
979 2855 1140 2920 culturam
1170 2853 1317 2918 floruisse
1350 2857 1463 2919 auctor

283 2965 394 3027 noster
408 2962 628 3047 compluribus
646 2962 727 3028 locis
751 2966 891 3027 testatus
911 2958 1003 3026 est.¹‘⁰'
1043 2959 1115 3026 Hoc
1139 2983 1158 3024 a
1181 2964 1299 3044 patruo
1324 2961 1463 3046 scriptor

287 3068 476 3134 adulescens
505 3069 551 3133 rei
575 3069 715 3134 rusticae
745 3069 906 3134 elementa
939 3067 1052 3132 didicit
1084 3071 1180 3152 atque
1213 3067 1362 3152 magistri
1393 3071 1462 3132 tam

285 3196 407 3239 memor
432 3175 505 3254 fuit,
529 3178 566 3239 ut
590 3175 688 3239 etiam
708 3196 806 3240 senex
828 3174 1017 3258 disciplinae
1037 3174 1125 3238 illius
1141 3174 1340 3238 mentionem
1353 3173 1460 3238 facere

285 3304 351 3348 non
382 3281 619 3367 dedignaretur.
665 3279 779 3366 Neque
810 3302 887 3346 vero
917 3280 1089 3345 inveterati
1119 3280 1219 3344 moris
1249 3283 1317 3344 tam
1348 3301 1461 3344 amans

283 3389 357 3474 fuit,
380 3391 417 3454 ut
440 3411 460 3454 a
478 3389 660 3473 praeceptis
681 3387 817 3453 abolitis
838 3387 1008 3451 dissentire
1027 3408 1093 3451 non
1113 3386 1256 3471 auderet,
1278 3386 1335 3451 sed
1353 3387 1462 3471 patrui

284 3499 457 3580 praecepto
488 3495 683 3560 sententiam
715 3517 808 3559 suam
840 3515 1003 3579 opponere
1026 3515 1092 3559 non
1121 3493 1291 3558 dubitavit.
1337 3493 1462 3568 Quibus

287 3601 393 3666 causis
418 3604 455 3666 ut
469 3601 662 3686 Hispaniam
682 3601 889 3687 relinqueret,
911 3604 1018 3666 motus
1034 3605 1129 3684 esset,
1151 3600 1222 3684 ipse
1245 3621 1311 3665 non
1335 3622 1461 3664 enarra·

285 3708 342 3771 vit.
396 3706 479 3773 Cum
512 3729 667 3794 magnum
698 3708 736 3774 de
768 3731 803 3773 re
835 3709 958 3772 rustica
991 3729 1072 3793 opus
1105 3709 1325 3792 componeret,
1361 3729 1462 3791 prope

285 3811 394 3896 Caere,
417 3813 569 3879 Etruriae
589 3815 754 3900 oppidum,
778 3816 885 3880 sedem
905 3815 1133 3880 collocaverat.
1142 3810 1168 3849 ¹4
1203 3812 1269 3878 Ubi
1289 3815 1462 3896 antequam

284 3919 324 3983 ad
357 3919 524 3984 duodecim
556 3921 657 3985 libros
691 3922 930 4005 componendos
969 3943 1003 3986 se
1036 3919 1228 4004 applicavit,
1271 3919 1306 3983 in
1339 3919 1464 4007 Cilicia,

284 4023 444 4110 Syriaque
464 4025 636 4110 aliquando
655 4031 803 4092 versatus
828 4025 921 4110 est¹⁵,
944 4027 977 4091 in
1003 4047 1081 4112 agro
1098 4025 1276 4090 Ardeatino
1294 4027 1462 4111 praedium

283 4129 471 4217 possedit‚¹⁶
508 4133 571 4197 duo
609 4154 707 4217 opera
743 4131 967 4217 composuitll
1022 4132 1155 4197 Praeter
1182 4128 1397 4197 Caeretanum
1430 4137 1463 4199 et

284 4237 499 4315 Ardeatinum
523 4237 711 4305 Carseolani
737 4243 770 4304 et
794 4238 915 4303 Albani
939 4259 1093 4323 agrorum
1116 4238 1314 4304 mentionem
1338 4240 1425 4306 facit.
1437 4237 1462 4276 ¹⁸

286 4345 407 4410 Utrum
440 4346 513 4410 aliis
541 4345 742 4429 temporibus
771 4345 869 4410 alium
895 4344 1037 4430 agellum
1047 4342 1072 4381 ²⁹
1096 4345 1276 4430 possederit
1309 4369 1351 4411 an
1384 4347 1462 4412 duos

285 4458 394 4518 tresve
419 4453 516 4517 simul
539 4452 691 4517 habuerit
709 4475 774 4517 non
793 4451 890 4518 claris
914 4451 1022 4516 verbis
1048 4455 1186 4517 enarrat.
1222 4451 1335 4516 Patrui
1355 4475 1461 4518 exem-
