3470 5124
711 363 933 426 „41-

236 541 379 608 decimus
398 539 480 605 liber
501 540 763 606 testimoniorum
784 540 1009 606 aestimatione
1029 541 1126 605 caret.
1162 536 1220 602 ‘At
1237 538 1410 604 laudantur

235 648 402 734 Magones,
410 646 624 733 Hamilcares,
634 645 795 733 Mnaseae,
805 646 1110 731 Paramihmbivii,
1120 645 1245 731 Licinii,
1254 643 1410 711 Matii.'¹²⁶

236 756 282 821 At
305 754 455 840 Magonis
479 754 555 820 libri
578 757 708 820 senatus
736 754 827 820 iussu
854 755 888 818 in
911 755 1056 839 linguam
1079 752 1228 818 Latinam
1256 752 1410 818 translati

236 865 323 928 sunt.
359 861 430 938 Qua
449 884 487 927 ex
502 862 645 947 epitoma
659 861 809 926 omnibus
827 861 958 926 rusticis
977 862 1056 926 trita
1070 859 1267 926 Hamilcaris
1289 882 1410 926 nomen

236 969 419 1055 agrestibus
438 967 594 1035 Romanis
617 971 732 1033 notum
755 968 856 1034 fuisse
880 989 953 1034 cum
973 967 1214 1034 Reitzensteino
1237 963 1409 1033 conicio.lle

236 1076 457 1142 Romanorum
486 1075 692 1141 laudatorum
725 1076 883 1161 opuscula
912 1075 1062 1142 ruricolis
1085 1074 1257 1140 notissima
1284 1075 1317 1139 in
1341 1075 1409 1140 illis

236 1183 388 1249 Mnaseae
416 1186 513 1267 atque
536 1180 670 1247 Paxami
693 1182 826 1247 nomina
849 1183 1102 1247 commemorata
1130 1181 1231 1254 fuisse
1262 1182 1410 1248 arbitror.

237 1289 389 1356 Ceterum
412 1289 493 1355 haec
515 1289 649 1354 nomina
671 1311 737 1355 non
754 1289 818 1354 nisi
838 1289 1004 1373 augendae
1027 1293 1274 1373 praeceptorum
1293 1291 1411 1355 autori·

237 1398 316 1463 tatis
336 1418 434 1462 causa
453 1396 565 1462 addita
584 1401 669 1461 sunt.
702 1396 741 1461 In
755 1397 872 1462 vilicae
890 1396 975 1461 libro
995 1396 1218 1481 componendo
1237 1401 1411 1481 auctorem,

236 1525 276 1567 ne
300 1504 421 1587 scripta
442 1503 571 1568 furandi
594 1504 811 1588 incusaretur,
841 1524 908 1568 non
938 1502 1061 1568 cavisse
1091 1503 1142 1569 vel
1166 1504 1240 1568 inde
1264 1508 1409 1590 apparet,

236 1609 331 1696 quod,
355 1631 429 1675 cum
452 1630 587 1696 magnas
607 1613 717 1694 partes
736 1608 943 1676 Oeconomici
961 1608 1189 1693 Xenophontei
1213 1632 1233 1675 a
1255 1610 1411 1678 Cicerone

235 1717 271 1782 in
284 1716 435 1782 Latinam
459 1717 605 1802 linguam
628 1718 713 1783 versi
738 1717 780 1782 ad
799 1717 932 1783 verbum
951 1715 1208 1802 transscriberet,
1232 1721 1283 1783 ter
1305 1719 1410 1784 Xeno·

235 1823 391 1909 phontem
415 1823 667 1908 Ciceronemque
691 1824 839 1889 laudasse
864 1824 944 1889 satis
967 1821 1137 1888 habuit.1⁷⁷

323 1929 413 1996 Haec
427 1931 495 1996 fere
504 1930 614 2015 habui,
628 1953 711 2015 quae
726 1931 764 1995 de
775 1928 975 1996 Columellas
991 1930 1159 1996 duodecim
1174 1930 1267 1997 libris
1282 1932 1410 1999 rusticis

236 2038 383 2104 dicerem.
415 2036 589 2103 Materiam
608 2037 779 2104 exhaurire
802 2059 862 2103 nec
881 2037 970 2103 volui
987 2059 1045 2103 nec
1068 2039 1170 2124 potui
1207 2037 1411 2104 Elocutionis

235 2144 414 2228 pleniorem
429 2145 678 2228 descriptionem
693 2167 712 2209 a
727 2144 925 2210 doctioribus
940 2149 1090 2228 paratum
1111 2146 1151 2210 iri
1167 2167 1343 2229 speramus.
1381 2146 1411 2210 A

235 2255 478 2338 praeceptorum
494 2251 690 2316 rusticorum
710 2251 937 2316 aestimatione
958 2272 1017 2336 ego
1037 2251 1223 2338 philologus
1243 2274 1293 2317 me
1314 2253 1412 2317 absti-

234 2379 304 2423 neo.
334 2356 416 2422 Mihi
435 2358 593 2422 librorum
609 2358 823 2442 descriptione
842 2359 935 2423 finita
953 2361 1056 2423 restat
1074 2362 1112 2423 ut
1125 2358 1224 2424 verba
1237 2358 1356 2424 faciam
1371 2360 1411 2424 de

232 2465 360 2530 indice
388 2486 408 2528 a
432 2460 614 2530 Columella
641 2465 712 2549 ipso
741 2469 930 2530 memorato.
976 2463 1128 2550 Legimus
1157 2466 1243 2530 enim
1266 2488 1290 2530 r.
1314 2488 1338 2530 r.
1361 2464 1409 2530 XI

235 2573 265 2655 3,
288 2571 345 2637 65:
375 2570 547 2637 ‘Hactenus
564 2573 819 2655 praeoptandam
841 2573 1017 2638 euistimuui
1038 2574 1075 2638 de
1097 2572 1181 2638 cultu
1203 2572 1361 2638 hortorum
1383 2579 1413 2639 et

234 2678 347 2760 officiis
378 2679 478 2756 uilici;
511 2699 598 2761 quem
630 2681 772 2761 quamuis
804 2680 987 2746 instructum
1018 2685 1108 2762 alque
1139 2680 1293 2745 eruditum
1325 2683 1412 2746 omui

234 2806 320 2867 opere
341 2787 455 2850 rustico
477 2805 539 2850 esse
566 2791 701 2868 oportere
725 2786 833 2868 primu
853 2791 947 2870 purte
972 2785 1066 2851 buius
1093 2787 1213 2852 cuordii
1234 2788 1412 2871 censuerim,

235 2893 381 2976 quonium
406 2897 506 2957 tumeu
524 2893 706 2975 plerumque
737 2893 846 2976 eueuit,
878 2898 915 2958 ut
945 2911 1063 2975 eorum,
1095 2914 1173 2976 quoe
1204 2894 1410 2977 didicerimus,

234 2999 383 3064 memorio
405 3019 461 3064 uos
489 3000 625 3084 deficiat,
656 3021 749 3082 euque
776 3001 899 3082 saepius
922 3020 959 3064 eu
985 3001 1213 3066 commentariis
1235 3003 1411 3066 rericuuudu

233 3107 467 3188 statuminum
491 3106 641 3171 librorum
667 3126 804 3172 uicorum
832 3113 1016 3190 urpumeutu
1047 3107 1175 3193 subieci,
1206 3113 1241 3173 ut
1271 3129 1340 3173 urm
1363 3129 1412 3173 res

234 3213 393 3295 exegisset,
420 3212 515 3293 facile
541 3213 805 3295 repatriasset,
837 3215 913 3296 quid
943 3215 978 3279 iu
1007 3234 1123 3297 quoque
1150 3216 1357 3296 quucreudum
1384 3219 1413 3280 ei

235 3318 369 3401 qualiter
390 3319 522 3401 quidque
542 3320 721 3399 faciendum
743 3320 806 3386 sit'

324 3423 418 3490 Hunc
432 3425 570 3491 indicem
587 3425 695 3491 decem
711 3427 843 3492 maioris
865 3429 970 3512 operis
992 3428 1093 3493 libros
1117 3428 1320 3511 complexum
1341 3450 1410 3494 esse

235 3533 397 3616 concedet,
421 3531 567 3617 quisquis
587 3533 773 3599 recordatus
794 3535 855 3598 erit
869 3534 983 3600 vilicae
997 3539 1167 3621 praecepta
1182 3536 1410 3602 confectisun-

235 3639 335 3704 decim
360 3639 453 3704 libris
477 3643 552 3704 orta
575 3662 655 3725 esse,
678 3639 882 3706 undecimum
907 3643 1057 3708 volumen
1085 3641 1245 3727 epitomae
1269 3645 1409 3727 speciem

234 3768 312 3830 prae
331 3767 365 3809 se
381 3745 472 3812 ferre.
509 3746 708 3812 Duodecimo
728 3748 812 3813 libro
831 3749 932 3814 totius
947 3750 1091 3832 corporis
1109 3750 1247 3816 iudicem
1263 3751 1410 3817 subiunc-

234 3855 305 3915 tum
324 3873 393 3916 esse
412 3873 514 3935 neque
529 3856 641 3918 auctor
654 3853 725 3937 ipse
744 3857 884 3920 testatur
897 3876 1001 3940 neque
1020 3856 1190 3940 quisquam
1206 3858 1410 3922 considerate

235 3958 415 4023 duodecimi
444 3958 521 4023 libri
550 3962 668 4024 natura
698 3959 922 4027 concludet.¹⁷⁸
971 3961 1080 4026 Indice
1112 3962 1221 4027 addito
1252 3962 1408 4027 librorum

234 4088 328 4130 usum
352 4064 505 4148 explicari
528 4087 593 4130 non
613 4063 793 4131 Columella
812 4069 900 4134 solus
919 4068 1090 4135 intellexit.
1125 4068 1247 4133 Aulum
1267 4066 1407 4134 Gellium

234 4173 385 4238 noctibus
394 4171 514 4237 Atticis
529 4171 666 4237 indicem
679 4172 923 4240 subiunxisse¹⁷⁹
937 4176 1001 4239 iam
1019 4176 1148 4239 monuit
1158 4173 1410 4260 Morgagnus.¹⁸⁰

234 4277 347 4363 Neque
371 4277 569 4344 Columellae
593 4280 743 4364 aequales
767 4281 889 4345 indices
913 4282 1078 4365 aspernati
1101 4285 1185 4346 sunt.
1223 4283 1275 4346 An
1299 4304 1408 4368 quem-

236 4407 333 4469 quam
357 4385 441 4470 fugil
465 4384 608 4450 Plinium
633 4386 787 4451 maiorem
816 4388 922 4470 primo
945 4389 1104 4453 naturalis
1132 4389 1289 4454 historiae
1316 4391 1408 4455 volu·
1530 4399 1539 4406 ”

235 4491 315 4556 mini
338 4493 439 4556 totius
463 4493 570 4579 operis
594 4495 805 4559 summarium
829 4494 1024 4559 inseruisse?
1068 4493 1166 4560 Plinii
1190 4498 1231 4560 ab
1255 4496 1407 4562 instituto
