3470 5124
744 363 960 451 --15ψ1

265 569 285 610 a
303 542 439 629 plebeiis
455 543 511 610 sed
526 543 626 608 etiam
642 565 661 608 a
675 543 801 609 libertis
820 546 986 627 receptum
1006 541 1099 608 estll
1136 543 1303 610 luniorum
1322 566 1440 609 nomen

184 719 188 726 ,
266 651 467 737 gentilicium
500 650 644 736 patriciis
675 672 747 715 cum
783 649 920 735 plebeiis
958 671 1127 716 commune
1159 648 1252 716 est.⁷8
1301 650 1441 736 Hispani

264 756 431 822 Iuniorum
463 756 623 844 gentilicii
654 758 719 822 iam
750 754 783 822 O.
807 754 910 822 Iulius
939 754 1058 823 Caesar
1092 758 1289 823 mentionem
1318 754 1441 823 facit.⁷9

263 862 404 928 Libertis
428 868 641 946 patronorum
664 863 866 948 gentilicium
894 885 1013 929 nomen
1035 864 1147 930 datum
1176 886 1247 929 esse
1271 861 1440 930 constat⁸⁰

354 969 539 1054 Sequuntur
562 970 764 1054 cognomina.

353 1074 556 1163 Cognomina
585 1077 676 1161 prius
705 1077 882 1164 gentilicii,
911 1080 1103 1161 praesertim
1134 1100 1208 1144 cum
1236 1078 1331 1143 multi
1354 1078 1440 1144 idem

264 1206 462 1268 praenomen
483 1185 652 1264 haberent,
676 1185 916 1251 differebantur.
958 1186 1041 1251 Tum
1064 1209 1138 1252 oum
1161 1186 1302 1271 populus
1320 1184 1438 1250 Roma-

265 1314 326 1356 nus
342 1291 435 1357 valde
455 1295 636 1376 augeretur,
660 1291 772 1356 eodem
787 1293 979 1379 cognomine
994 1293 1160 1378 gentilicio
1176 1292 1298 1358 nomini
1314 1296 1438 1357 asserto

265 1396 468 1484 singularum
492 1398 691 1464 familiarum
719 1399 894 1483 propinqui
922 1398 1080 1485 appellari
1104 1405 1287 1484 coeperunt.
1334 1398 1440 1476 Quare

266 1504 449 1570 invenimus
482 1503 650 1571 Cornelios
683 1503 863 1589 Scipiones,
896 1503 1050 1571 Claudios
1080 1506 1253 1592 Pulchros,
1285 1503 1439 1572 Claudios

265 1609 422 1676 Nerones.
432 1609 458 1648 ⁸¹
495 1609 695 1698 Cognomine
719 1612 885 1697 gentilicio
909 1614 961 1677 usi
985 1613 1123 1698 singulis
1142 1612 1193 1678 vel
1216 1612 1365 1697 pluribus
1388 1634 1440 1678 co·

265 1718 472 1804 gnominibus
514 1719 653 1803 propriis
696 1719 987 1804 distinguebantur.
1051 1717 1264 1806 Oognominis
1307 1741 1440 1784 munere

265 1825 432 1911 adiectiva,
454 1848 535 1910 quae
560 1830 725 1909 vocantur,
748 1826 908 1892 vocabula
931 1827 1024 1912 fungi
1048 1825 1213 1911 solebant,
1235 1848 1310 1891 raro
1334 1826 1440 1910 appel-

264 1932 403 1997 lationes
423 1933 653 2018 cognominum
669 1933 735 1998 vim
755 1933 1025 2019 adipiscebantur.
1033 1930 1060 1970 ⁸²
1097 1930 1158 1999 Sed
1178 1934 1257 1999 haec
1275 1933 1441 1997 hactenus.

264 2035 336 2102 Iam
361 2039 401 2103 ad
425 2039 531 2105 nostri
554 2039 749 2124 cognomina
772 2044 924 2105 revertar.

355 2144 544 2210 Moderatus
575 2147 767 2230 cognomine
804 2147 986 2230 appellatos
1016 2150 1182 2212 testantur
1211 2146 1442 2230 inscriptiones

265 2251 299 2314 in
322 2247 522 2336 Hispaniaffl,
551 2251 661 2317 Africa
669 2249 704 2333 ⁸4,
733 2249 876 2317 Gallia85
905 2234 1060 2336 repertae.
1108 2252 1290 2336 Scriptores
1315 2252 1441 2337 antiqui

265 2358 464 2423 mentionem
490 2358 615 2423 faciunt
631 2357 804 2444 Moderati,
828 2359 972 2424 Gadibus
991 2360 1070 2444 nati,
1093 2359 1321 2445 Pythagoram,
1345 2380 1441 2443 quem

265 2464 303 2529 ds
341 2464 471 2548 placitis
510 2465 749 2550 pythagoraeis
786 2467 892 2552 egisse
929 2466 1073 2530 tradunt.
1131 2464 1335 2551 Discipulum
1373 2467 1441 2531 eius

265 2571 455 2652 Etruscum,
482 2572 691 2656 praenomine
714 2572 863 2656 Lucium,
895 2571 1086 2638 Plutarchus
1109 2571 1233 2638 Romae
1266 2569 1442 2638 offendit.⁸⁶

264 2677 467 2743 Moderatum
481 2680 714 2765 philosophum
733 2667 884 2765 scriptori
907 2681 954 2745 rei
969 2681 1109 2746 rusticae
1128 2681 1347 2766 propinquum
1371 2701 1441 2745 esse

266 2789 297 2848 et
329 2785 473 2869 priorum
507 2788 709 2852 saeculorum
746 2788 807 2852 viri
840 2787 928 2852 docti
960 2787 1166 2853 coniecerunt
1198 2791 1231 2850 et
1263 2786 1442 2851 Buecheler

264 2913 367 2976 nuper
389 2891 584 2977 probavit⁸⁷
620 2891 697 2959 Non
721 2893 806 2958 idem
831 2915 901 2958 esse
925 2892 1052 2958 videtur
1075 2893 1262 2957 Moderatus
1287 2892 1443 2958 declama-

265 3002 333 3083 tor,
366 3001 455 3065 cuius
487 3023 605 3067 nomen
635 2999 756 3066 Seneca
786 3001 892 3066 maior
923 3000 1096 3065 memoriae
1128 2998 1280 3085 prodidit.
1290 2997 1317 3036 ⁸⁸
1370 2998 1441 3064 Hoc

267 3106 411 3190 agricola
435 3129 500 3172 una
524 3107 635 3172 sobole
659 3107 775 3191 iunior,
798 3107 846 3171 illi
868 3107 936 3172 fere
960 3107 1105 3191 aequalis
1128 3106 1201 3172 fuit.
1277 3151 1279 3156 ,

355 3211 482 3298 Restat,
505 3218 542 3278 ut
560 3213 599 3276 de
622 3213 780 3278 vocabulo
805 3211 1019 3278 ‘Columella'
1043 3213 1142 3277 verba
1170 3212 1334 3277 faciamus.
1380 3210 1442 3277 Est

266 3340 446 3406 cognomen
470 3319 705 3404 appellativum
731 3319 902 3384 masculini
926 3318 1053 3404 generis
1073 3319 1107 3382 in
1132 3316 1332 3404 acadens,⁸⁹
1355 3317 1441 3402 quod
1474 3378 1477 3382 .

267 3428 307 3491 ab
337 3427 568 3512 Angermanno
603 3427 637 3491 in
672 3425 821 3491 feminini
854 3426 983 3511 generis
1016 3425 1272 3510 appellationum
1306 3446 1440 3490 numero

222 3520 225 3526 ¹
264 3530 450 3601 habetur.⁹⁰
503 3530 707 3618 Cognomina
743 3555 782 3598 ex
819 3554 991 3616 corporum
1024 3532 1291 3617 proprietatibus,
1320 3531 1441 3617 insigni

266 3640 446 3726 gentilicio,
485 3641 635 3706 fortunae
668 3640 795 3705 casibus
834 3644 906 3705 orta
940 3643 973 3704 et
1009 3640 1042 3703 in
1076 3638 1211 3704 familiis
1248 3638 1442 3703 hereditaria

267 3751 394 3811 servata
427 3769 496 3811 esse
530 3747 713 3812 Mommsen
750 3747 860 3813 docuit
897 3753 995 3831 atque
1034 3747 1191 3830 exemplis
1224 3741 1442 3811 illustravit⁹¹

267 3851 472 3917 Vocabulum
492 3852 688 3919 ‘columella’
708 3876 728 3918 a
746 3852 921 3919 ‘columna'
946 3853 1118 3919 derivatur.
1129 3851 1155 3888 ⁹²
1192 3851 1300 3936 Atque
1323 3855 1360 3915 ut
1382 3873 1442 3916 nos

267 3957 422 4023 Germani
441 3959 608 4024 vocabulis
624 3958 743 4024 ‘Saule'
763 3964 795 4025 et
809 3956 940 4026 ‘Sttitze’
963 3959 1183 4043 metaphorice
1202 3959 1333 4042 utimur,
1356 3958 1403 4022 ita
1422 3981 1441 4022 a

264 4064 423 4130 Romanis
453 4065 602 4131 homines
632 4067 789 4151 quosdam
823 4067 1012 4133 adiuvantes
1044 4065 1234 4132 columellas
1259 4065 1440 4149 appellatos

266 4194 335 4237 esse
358 4172 507 4238 Donatus
536 4171 717 4238 testatur.⁹³
761 4171 887 4238 Nititur
914 4174 948 4237 in
977 4172 1116 4258 sepulcri
1140 4172 1248 4257 elogio
1273 4195 1291 4236 a
1316 4171 1453 4237 Lucilio'

265 4281 456 4364 composito,
478 4279 545 4346 Luc
563 4279 666 4346 XXII.
688 4282 720 4344 1:
777 4291 778 4296 ’
1267 4327 1269 4332 ,

376 4386 483 4453 ‘saco'
506 4409 600 4470 acque
620 4388 739 4473 infidus
756 4387 879 4453 domino
901 4407 996 4470 nepae
1013 4385 1131 4452 inobli'
1155 4388 1329 4472 quoiquam,

376 4495 481 4560 bacili
502 4495 670 4575 columella,
692 4495 742 4561 bic
763 4492 837 4560 sita'
861 4492 1099 4576 Metrophanes?
