3470 5124
746 333 962 398 „39-

352 508 392 573 de
415 507 601 573 arboribus:
966 533 992 575 r.
1015 532 1055 576 r.:

262 616 322 680 erit
343 615 456 698 bipalio
474 620 601 680 auare:
618 617 701 698 qaod
715 621 826 682 vacuat
878 622 938 682 tar.
987 619 1068 682 ande
1103 618 1197 683 etium
1232 621 1439 702 repastinatae

262 723 371 787 martiri
387 723 564 788 sestertium.
592 743 631 787 ea
652 725 823 809 repastina-
878 721 975 788 dictae
990 723 1077 805 fuere
1094 725 1201 790 elaeae
1217 731 1338 812 velera,
1360 749 1439 811 qaue

264 829 305 892 tio
328 829 503 895 altitudinis
524 828 614 895 babet
636 883 642 895 .
666 880 674 895 .
698 827 717 894 .'
877 828 1113 911 refodleboatar.
1158 831 1232 897 boec
1257 835 1340 898 calm
1363 855 1438 918 pro-

867 938 946 1020 pria
973 937 1138 1021 appellatio
1169 939 1314 1006 restibilis
1344 941 1439 1007 olaetl

874 1048 957 1109 erat:
986 1065 1070 1110 auae
1097 1046 1293 1127 antiquitatis
1318 1047 1436 1130 impra-

874 1152 948 1215 deas
975 1153 1156 1217 masaelado
1178 1153 1324 1236 plicqaid
1349 1155 1439 1220 emoti

874 1257 933 1322 soll
950 1258 1048 1323 aiacis
1064 1264 1290 1344 praeparatur,
1311 1261 1438 1342 reposti·

873 1367 985 1428 aalam
1007 1369 1093 1429 vocat
1114 1413 1121 1427 .
1146 1415 1153 1428 .
1177 1411 1185 1429 .
1209 1363 1230 1429 .’

350 1468 516 1536 Hactenus
550 1471 720 1535 amborum
751 1491 886 1554 operum
913 1469 1012 1548 rerba
1045 1469 1132 1535 inter
1164 1492 1208 1534 se·
1231 1492 1437 1557 comparasse

263 1577 342 1642 satis
365 1578 481 1642 habea.
517 1576 589 1642 Iam
614 1576 699 1641 enim
724 1577 916 1662 scriptorem
940 1579 974 1641 et
988 1575 1093 1641 ordini
1110 1578 1308 1642 narrationis
1332 1599 1438 1644 emen·

262 1683 368 1748 dando
394 1687 427 1748 et
450 1684 552 1768 ipsius
577 1683 739 1748 erroribus
764 1681 962 1768 corrigendis
987 1705 1119 1767 operam
1142 1683 1268 1748 dedisse
1292 1690 1438 1770 apparet.

261 1789 347 1855 Eum
370 1813 436 1856 non
460 1791 502 1855 ab
525 1789 636 1855 ordine
659 1790 827 1874 proposito
851 1790 1032 1874 profectum
1056 1790 1282 1855 tractationem
1307 1812 1437 1877 aggres·

263 1919 334 1961 sum
367 1919 436 1962 esse
469 1898 525 1962 sed
557 1897 755 1962 narrationis
787 1897 967 1981 particulas
1000 1919 1085 1962 novo
1118 1898 1152 1961 in
1168 1896 1296 1962 'ordine
1331 1898 1436 1983 dispo·

262 2001 364 2068 suisse
388 2005 439 2069 rel
468 2004 617 2088 neglecto
645 2004 730 2068 libro
762 2003 800 2068 de
831 2003 1002 2068 arboribus
1031 2025 1069 2068 ex
1102 2003 1332 2087 pastinationis
1364 2006 1436 2071 loeo

263 2111 498 2195 cognoscimus,
523 2133 618 2195 quam
634 2111 774 2195 primum
789 2111 939 2174 electioni
955 2131 1097 2175 asserere
1113 2111 1224 2196 voluit,
1248 2119 1319 2176 tum
1334 2113 1437 2196 quali-

262 2217 325 2281 tati
349 2216 411 2281 soli
434 2238 473 2280 ex
496 2214 648 2282 Graecini
676 2216 739 2280 fide
768 2216 996 2281 describendae
1023 2217 1215 2300 postposuit.
1261 2218 1368 2303 Atque
1395 2241 1436 2283 ne

261 2323 407 2407 perfecta
439 2323 568 2407 quidem
600 2322 756 2388 materiae
788 2322 965 2406 partitione
998 2322 1039 2387 ab
1068 2323 1307 2406 egressionibus
1336 2327 1435 2390 iuter·

261 2429 418 2513 ponendis
442 2451 515 2494 eum
538 2430 735 2496 abstinuisse
763 2429 931 2514 concedes,
961 2429 989 2494 si
1015 2429 1178 2495 undecimi
1206 2431 1322 2514 capitis
1345 2431 1435 2497 tertii

260 2536 335 2600 libri
363 2537 558 2602 memineris.
602 2535 641 2601 Iu
672 2536 836 2602 erroribus
869 2537 1022 2602 correctis
1055 2537 1137 2602 duos
1170 2538 1258 2602 locos
1291 2560 1436 2622 numero,

262 2663 398 2726 quorum
428 2644 510 2707 alter
537 2643 578 2709 ad
604 2643 807 2708 notationem
836 2645 920 2710 alter
943 2644 982 2710 ad
1006 2645 1263 2728 pastinationem
1285 2645 1434 2728 pertinet.

261 2747 445 2834 Utrumque
469 2773 567 2834 supra
591 2751 754 2834 exscripsi.

350 2855 439 2933 Quae
461 2879 534 2922 eum
558 2857 731 2941 diligenter
759 2856 1010 2942 considerarem,
1040 2857 1103 2923 hoc
1135 2857 1230 2923 modo
1265 2858 1434 2925 duodecim

260 2964 308 3029 rei
331 2964 470 3029 rusticae
488 2963 590 3028 libros
615 2967 704 3030 ortos
728 2984 798 3028 esse
821 2963 979 3028 intellexi:

349 3071 489 3154 Atticus,
511 3067 633 3154 Celeus,
657 3069 833 3135 Graecinus
852 3070 955 3133 multa
973 3075 1214 3156 praeceperunt,
1239 3093 1320 3156 quae
1340 3070 1433 3137 Colu-

260 3177 360 3242 mella
386 3176 510 3241 iuvenis
538 3175 634 3258 plane
664 3176 827 3239 omiserat.
872 3173 985 3238 Multis
1018 3174 1057 3240 de
1084 3177 1181 3240 rebus
1210 3199 1229 3240 a
1254 3173 1433 3242 Columella

260 3285 488 3350 dissenserunt.
524 3281 628 3346 Immo
648 3303 723 3347 vero
747 3281 942 3346 sententiam
967 3281 1035 3345 eius
1053 3303 1120 3346 non
1139 3281 1238 3346 semel
1262 3280 1433 3367 impugna-

261 3394 385 3459 verunt.
431 3390 555 3467 Quibus
579 3390 685 3455 causis
713 3391 895 3455 commotus
920 3385 1100 3453 Columella
1124 3411 1255 3455 suorum
1283 3411 1434 3476 praecep-

260 3503 366 3565 torum
390 3497 585 3563 rusticorum
614 3497 796 3580 exemplum
828 3495 1058 3580 redintegratis
1086 3497 1170 3561 curis
1198 3496 1372 3562 rescribere
1401 3503 1434 3562 et

260 3606 421 3691 corrigere
449 3605 565 3689 coepit.
611 3603 876 3690 Digressionibus
905 3603 1032 3688 magnis
1061 3602 1102 3668 ad
1130 3603 1312 3686 aequalium
1340 3626 1432 3687 prae-

261 3715 354 3795 cepta
379 3711 600 3796 spectantibus
624 3710 731 3795 operis
750 3707 902 3776 circuitus
921 3732 978 3793 per
998 3710 1118 3775 multos
1138 3730 1240 3774 annos
1259 3708 1431 3774 admodum

261 3819 375 3882 auctus
399 3819 456 3881 est.
493 3816 635 3900 Accedit,
659 3817 744 3902 quod
767 3817 846 3901 ipse,
869 3839 942 3882 oum
966 3815 1064 3901 longo
1088 3816 1245 3900 temporis
1269 3816 1376 3898 spatio
1400 3821 1432 3881 et

261 3925 295 3989 in
318 3920 366 3987 rei
388 3921 529 3988 rusticae
552 3945 613 3987 usu
632 3924 717 3988 etin
735 3924 915 3988 litterarum
935 3921 1119 4007 cognitione
1138 3922 1256 3985 mirum
1276 3925 1430 4006 quantum

260 4030 463 4115 profecisset,
496 4027 701 4114 quaestiones
739 4029 900 4113 attingere
931 4028 1053 4112 potuit,
1086 4048 1165 4111 quas
1198 4027 1305 4110 priore
1334 4049 1430 4111 opere

261 4138 392 4204 omnino
415 4159 481 4200 non
504 4136 682 4201 curaverat.
728 4133 855 4220 Itaque,
883 4157 955 4199 cum
981 4132 1124 4198 Silvinus
1154 4132 1194 4196 ab
1223 4133 1295 4217 ipso
1319 4136 1431 4217 postu

259 4246 356 4326 leret,
389 4246 426 4308 ut
456 4245 629 4328 praecepta
657 4240 779 4304 rustica
811 4240 931 4323 ederet,
965 4238 1119 4305 materiae
1142 4239 1317 4323 partitione
1341 4240 1431 4306 facta

129 4363 133 4374 '
260 4353 370 4418 decem
394 4350 486 4415 libris
509 4347 729 4414 rusticationis
753 4368 863 4411 curam
886 4367 1036 4411 enarrare
1056 4345 1118 4410 sibi
1141 4345 1321 4431 proposuit.
1360 4347 1429 4423 Quo

260 4458 346 4524 facto
370 4461 616 4541 praeceptorum
644 4454 817 4520 editionem
845 4453 994 4517 ultimam
1019 4453 1156 4538 septimo
1180 4455 1311 4519 nostrae
1336 4476 1429 4520 aerae
