3470 5124
358 1298 554 1366 Columellas
590 1300 791 1365 voluminum
833 1299 944 1364 editio'
971 1299 1149 1364 norissima
1183 1299 1288 1364 adhuc
1325 1302 1440 1382 exstat,

271 1431 369 1493 quam
389 1407 565 1473 Schneider
587 1408 714 1491 corpori
738 1407 932 1491 scriptorum
955 1405 1003 1470 rei
1024 1405 1163 1471 rusticae
1186 1409 1331 1470 veterum
1354 1405 1441 1470 Lati-

191 1523 193 1528 ’
270 1537 386 1580 norum
418 1537 437 1578 a
469 1515 555 1593 1794
588 1514 627 1578 ad
657 1514 741 1579 1797
775 1513 897 1604 publici
924 1513 1003 1577 iuris
1035 1513 1122 1578 facto
1153 1513 1298 1577 inseruit.
1345 1511 1440 1578 Nunc
1512 1531 1514 1538 ·

265 1619 504 1686 Lundstroem¹
531 1619 721 1704 Upsalensis
759 1643 830 1685 cum
864 1616 1043 1705 Langleto²
1073 1623 1106 1684 et
1133 1615 1366 1703 Stramberg02
1394 1620 1439 1684 di·
1496 1617 1499 1620 ’

152 1797 154 1801 ,
266 1728 400 1812 scipulis
422 1728 563 1793 codicem
579 1726 891 1811 Sangermanensem
911 1727 1014 1792 denuc
1034 1727 1168 1792 confert.
1203 1725 1294 1792 Idem
1317 1727 1439 1794 multos

265 1835 368 1900 libros
393 1837 532 1920 scriptos
557 1857 577 1899 s
600 1835 679 1900 viris
703 1834 808 1900 doctis
826 1833 970 1900 nondum
989 1834 1151 1918 inspectos
1180 1838 1306 1899 exstare
1329 1857 1439 1899 narra-

265 1941 325 2025 rit3
353 1963 452 2026 quare
472 1964 566 2030 spero
585 1942 663 2025 fore,
686 1945 722 2006 ut
745 1942 856 2027 paucis
876 1940 1041 2006 mensibus
1065 1939 1159 2006 Sueci
1179 1941 1266 2007 docti
1280 1939 1439 2007 Columel-

265 2047 315 2112 lae
349 2052 475 2112 textum
509 2049 549 2113 ad
577 2049 773 2133 optimorum
803 2048 949 2113 codicum
972 2048 1067 2112 fidem
1095 2048 1262 2113 redactum
1293 2047 1438 2112 offerant.

265 2153 425 2239 Equidem
454 2177 473 2218 a
497 2155 660 2220 codicibus
688 2154 897 2220 aestimandis
927 2158 961 2219 et
988 2143 1142 2220 mutanda
1171 2154 1312 2220 lectione
1340 2175 1437 2238 quam

266 2249 406 2326 maxime
430 2261 610 2326 abstinebo,

354 2367 459 2432 Hodie
494 2367 556 2432 riri
591 2367 678 2433 docti
709 2368 747 2432 de
778 2365 962 2432 Columella*
991 2367 1085 2434 valde
1121 2367 1324 2434 dissentiunt.
1370 2367 1438 2433 Alii

266 2496 338 2539 eum
366 2475 505 2539 rusticae
534 2474 720 2561 scriptionis
749 2474 910 2559 optimum
939 2477 1117 2559 auctorem,
1145 2475 1304 2558 propositi
1327 2475 1437 2540 lauda-

264 2585 370 2646 torem
399 2581 646 2665 peritissimum,
676 2582 955 2666 elegantissimum
991 2585 1121 2666 poetam
1152 2579 1344 2667 appellant,³
1380 2582 1437 2650 alii

266 2688 510 2770 compilatorem
533 2688 645 2753 rudem
668 2691 705 2753 ut
728 2691 868 2754 multum
890 2688 976 2754 inira
1000 2685 1219 2773 despectant.4
1263 2687 1335 2773 Ego
1355 2711 1436 2773 quae

265 2796 334 2860 sine
365 2795 415 2859 ira
443 2799 476 2860 ct
504 2794 610 2861 studio
639 2796 678 2860 de
701 2797 768 2860 vita
796 2796 991 2880 scriptisque
1024 2794 1058 2861 L.
1081 2793 1173 2860 Junii
1194 2793 1354 2860 Moderati
1376 2793 1435 2860 Oo-

262 2901 414 2966 lumcllae
438 2903 540 2967 statui
563 2902 698 2987 possint,
721 2907 930 2968 enarraturus
953 2924 1035 2967 sum.
