3470 5124
759 376 977 440 ,23-

282 554 383 619 libros
408 553 599 618 stolidorum
622 553 810 618 clericorum
838 553 1018 618 intellectui
1041 553 1183 637 aptiores
1214 575 1284 618 esse
1307 575 1373 621 non
1396 555 1454 620 im-

281 661 397 726 merito
422 660 547 726 asserit.
593 659 711 726 Omnia
737 660 839 745 igitur
867 664 1030 726 momenta
1057 664 1207 726 nostrum
1230 661 1270 726 ad
1294 660 1453 728 Columel-
1504 684 1506 688 ·

280 769 347 833 lam
373 766 535 857 quadrant
558 771 690 852 excepto
721 789 855 834 numero
882 768 1053 852 librorum,
1080 768 1120 834 de
1147 791 1210 852 que
1238 768 1325 834 infra
1348 790 1453 855 agam.

279 873 394 958 Itaque
416 873 547 958 Vegetii
578 875 679 940 verba
706 873 867 958 ‘proxima
898 875 1011 941 aetat&
1040 876 1080 941 ad
1110 875 1324 960 Pelagoniam
1356 876 1452 942 modo

279 985 426 1066 spectare
449 981 679 1048 concludimus.

367 1086 431 1154 Hic
468 1089 692 1155 subsistamus.
751 1090 822 1155 Iam
859 1091 945 1156 enim
981 1092 1186 1175 pervenimus
1227 1090 1268 1156 ad
1303 1095 1452 1176 tempora

280 1195 527 1281 monachorum,
560 1197 615 1282 qui
643 1197 851 1282 antiquorum
878 1199 1075 1283 scriptorum
1106 1197 1199 1263 libris
1232 1198 1452 1264 describendis

280 1325 412 1389 operam
435 1307 645 1370 navaverunt.
690 1303 911 1371 Posteriorum
932 1309 1116 1391 temporum
1140 1306 1200 1371 viri
1228 1305 1315 1372 docti
1339 1328 1378 1370 ex
1400 1328 1450 1372 co·

279 1410 404 1477 dicibus
419 1411 515 1477 mode
530 1411 735 1495 antiquarum
749 1435 856 1478 rerum
871 1413 1101 1499 hominumque
1117 1411 1294 1479 doctrinam
1308 1435 1450 1499 sumpse-

278 1520 364 1584 runt.
399 1516 448 1582 De
468 1519 633 1602 scriptoris
653 1519 758 1584 nostri
775 1521 915 1605 nomine,
939 1523 1021 1606 ortu,
1043 1519 1112 1586 vita
1130 1519 1212 1585 nihil
1230 1521 1307 1586 novi
1325 1519 1450 1588 docent.

275 1623 444 1689 Mitt-amus
477 1645 554 1710 erge
586 1623 803 1711 Isidorum,¹¹⁰
834 1627 1003 1692 mittamus
1036 1626 1242 1692 Theodorum
1276 1624 1449 1692 Bezam.¹¹¹

275 1728 369 1796 Hanc
393 1732 509 1816 capitis
534 1755 695 1798 summam
719 1735 905 1799 statuimus:

365 1836 547 1924 Scriptores
562 1840 701 1907 Romani
719 1841 793 1906 inde
818 1863 837 1905 a
851 1841 960 1907 Plinio
976 1843 1099 1908 maiore
1114 1840 1312 1906 mentionem
1326 1842 1449 1909 faciunt

272 1940 485 2025 Columellas,
520 1947 687 2031 scriptoris
715 1949 763 2012 rei
790 1949 940 2015 rusticae.
989 1948 1099 2015 Unum
1126 1951 1255 2013 tantum
1283 1939 1447 2016 auctorem
1500 1949 1503 1954 ’

271 2050 333 2116 hoe
350 2053 480 2117 nomine
500 2053 701 2136 appellatam
714 2059 884 2139 noverunt,
902 2054 1049 2121 Varrone
1068 2053 1278 2141 iuniorem,¹¹²
1300 2056 1447 2122 Palladio

272 2154 480 2243 seniorem‚¹¹⁸
503 2159 559 2242 qui
582 2159 719 2224 facunde
742 2181 806 2226 non
826 2161 922 2226 modo
946 2162 985 2226 de
1009 2182 1088 2245 agro
1108 2161 1242 2227 colendo
1268 2162 1324 2227 sed
1347 2165 1446 2229 etiam

273 2262 311 2328 de
334 2263 511 2346 pecudibus
536 2265 660 2347 apibus,
683 2265 842 2331 columbis
865 2267 1010 2350 piscibus
1034 2268 1110 2352 egit.

755 2672 879 2759 Caput
902 2673 960 2740 III.

362 2827 453 2892 Quid
476 2828 519 2883 de
543 2827 751 2883 columellae
775 2826 846 2883 vita
869 2827 962 2884 tituli
986 2829 1142 2895 doceant,
1166 2827 1352 2898 quaeritur.

318 3014 320 3017 f
361 2978 572 3044 Perlustratis
592 2983 624 3044 et
639 2977 837 3045 Columellae
852 2983 884 3043 et
907 2982 1086 3045 ceterorum
1104 2979 1198 3045 libris
1218 2980 1446 3066 aggrediamur

269 3084 310 3150 ad
332 3085 456 3171 titulos,
479 3106 542 3171 quo
558 3107 597 3150 ex
610 3106 746 3150 numero
761 3085 801 3149 ad
815 3085 1020 3170 propositum
1035 3087 1176 3170 pertinet
1191 3083 1216 3151 0
1232 3086 1247 3150 I
1261 3085 1287 3151 L
1301 3085 1350 3151 IX
1364 3086 1444 3152 235:

640 3210 677 3273 L.
701 3209 798 3274 Iunio
820 3209 858 3274 L.
875 3208 900 3290 f.
921 3207 992 3274 Gal.

642 3315 803 3381 Moderato
829 3313 1013 3381 Columellae

641 3422 709 3487 trib.
727 3422 792 3488 mil.
811 3422 864 3507 lep.
885 3421 939 3488 VI.
957 3422 1104 3504 ferratae.

358 3548 455 3632 Lapis
481 3551 572 3614 sexto
597 3547 722 3614 decimo
745 3570 776 3631 p.
791 3544 866 3613 Chr.
887 3548 1014 3612 saeculo
1038 3547 1072 3611 iu
1096 3546 1315 3611 fundamentis
1339 3568 1443 3612 novae

172 3733 175 3741 Ι
274 3654 439 3719 aediculae
473 3653 504 3720 S.
533 3653 660 3719 Cataldi
693 3654 816 3739 templo
855 3653 1121 3738 archiepiscopali
1154 3658 1299 3736 repertus
1332 3654 1444 3738 periit3

270 3759 404 3825 titulum
429 3761 570 3826 servavit
593 3759 815 3827 Paeiohellius.
862 3757 1057 3842 Appellatur
1084 3758 1183 3823 horno
1211 3758 1342 3823 nomine
1370 3780 1442 3824 cum

272 3867 427 3950 scriptore
451 3870 563 3932 nostro
588 3866 879 3932 coniunctissimus.
916 3864 966 3930 Ne
986 3863 1058 3950 quis
1078 3864 1188 3948 aliqua
1207 3864 1245 3928 de
1265 3886 1362 3928 causa
1381 3863 1442 3931 Oo-

268 3973 419 4039 lumellae
452 3973 638 4038 nominibus
672 3994 711 4036 ex
743 3972 907 4038 codicibus
940 3971 1078 4055 sumptis
1111 3971 1244 4035 titulum
1277 3969 1441 4042 subditum

269 4103 339 4146 esse
363 4081 485 4164 credat,
508 4083 618 4145 menet
633 4076 860 4162 Grotefend,¹¹⁴
882 4099 976 4162 quem
996 4077 1098 4142 secuti
1117 4077 1163 4141 rei
1182 4076 1322 4142 rusticae
1342 4078 1442 4162 scrip-

268 4192 372 4254 torem
392 4187 530 4271 legionis
545 4185 602 4250 VI.
616 4184 757 4250 ferratae
775 4185 940 4250 tribunum
954 4185 1093 4249 militum
1112 4183 1212 4248 fuisse
1231 4183 1442 4270 censebimus,

269 4296 333 4360 uisi
356 4294 441 4359 forte
460 4317 534 4360 cum
553 4294 609 4377 eis,
632 4313 715 4376 quae
734 4314 833 4377 supra
853 4291 1084 4375 enarravimus,
1107 4290 1222 4356 titulus
1238 4289 1441 4375 discrepabit.

269 4400 361 4476 Quod
384 4403 469 4485 lapis
492 4402 562 4486 ipse
586 4423 652 4466 non
675 4402 822 4466 servatus
847 4401 910 4484 est,
932 4398 1070 4463 maxime
1094 4398 1249 4480 dolemus,
1272 4418 1345 4462 cum
1368 4397 1440 4462 aliis

269 4509 424 4593 temporis
463 4513 616 4594 ortusque
649 4507 737 4572 tituli
771 4505 1053 4572 circumscribendi
1090 4504 1316 4570 instrumentis
1354 4524 1441 4569 caro·
