3470 5124
769 379 988 445 ..74-

294 573 408 630 rissticis
421 573 505 629 rebus
519 571 703 644 praecipiens,
722 571 801 628 euius
815 571 947 643 princeps
962 569 1161 627 celeberrimus
1175 587 1231 627 non
1245 572 1391 628 minimum
1406 590 1470 643 pro-

294 663 410 719 fessioni
431 666 545 719 nostrae
568 661 689 719 contulit
706 661 845 717 Hesiodus
868 660 1012 716 Boeotius.
1048 661 1140 731 Magis
1163 660 1265 717 deinde
1290 679 1353 716 eam
1374 662 1470 719 iuvere

294 751 420 807 lontibus
429 752 486 808 orti
497 751 653 822 sapientiae
663 750 840 806 Democritus
850 749 1007 820 Abderites,
1022 749 1182 805 Socraticus
1187 751 1353 821 Xenophon,
1366 750 1470 807 'l'aren-

293 841 369 896 tinus
379 843 526 911 Archytas,
544 839 727 911 Peripatetici
740 839 877 910 magister
890 856 923 893 ac
938 838 1101 909 discipulus,
1113 838 1283 895 Aristoteles
1302 857 1365 896 cum
1380 840 1470 897 'Pheo-

293 931 421 1000 phraste.
458 930 547 986 Siculi
575 946 685 999 quoque
713 945 771 984 non
797 927 935 983 mediocri
962 928 1203 998 curanegotium
1230 929 1307 984 istud
1329 928 1471 999 prosecuti

295 1023 368 1089 sunt,
386 1021 492 1075 Hieron
512 1020 542 1074 et
559 1017 745 1088 Epicharmus
765 1018 929 1088 discipulus,
947 1017 1123 1074 Philometor
1141 1020 1171 1073 et
1187 1016 1309 1074 Attalus.
1340 1018 1471 1074 Atheneo

293 1124 360 1164 vero
380 1109 549 1180 scriptorum
571 1108 759 1177 frequentiam
782 1109 966 1177 pepereram,
990 1105 1104 1174 equeis
1126 1105 1317 1176 probatissimi
1341 1109 1471 1163 auctores

294 1197 442 1267 Chaereas,
459 1197 650 1264 Aristandros,
668 1195 881 1266 Amphilochus,
900 1194 1043 1265 Euphron,
1062 1195 1195 1251 chrestus
1214 1194 1387 1265 Euphronis,
1405 1212 1470 1264 non,

293 1289 327 1340 nt
343 1286 428 1341 multi
445 1287 560 1357 putant,
579 1283 801 1356 Amphipolites,
825 1285 874 1353 qui
892 1287 921 1339 et
939 1284 999 1355 ipse
1018 1283 1171 1339 laudabilis
1196 1285 1318 1339 habetur
1336 1283 1470 1354 agricole,

296 1376 346 1432 sed
365 1374 499 1446 indigena
518 1373 570 1431 soli
589 1374 686 1430 Attici.
723 1372 833 1429 Inssslae
852 1389 962 1441 quoque
982 1389 1078 1428 curam
1096 1374 1181 1428 istam
1200 1373 1421 1442 celebraverunt,
1439 1378 1472 1428 nt

295 1464 378 1519 testis
401 1467 446 1520 est
467 1463 594 1519 Rhodius
613 1463 766 1534 Epigenes,
795 1461 879 1517 Chius
895 1460 1082 1531 Agathocles,
1110 1462 1228 1532 Euagon
1257 1465 1286 1518 et
1302 1462 1470 1532 Anaxipolis

294 1551 402 1608 Thasii.
438 1551 527 1607 Unius
545 1569 657 1622 quoque
677 1551 711 1606 de
730 1551 853 1621 septem,
877 1551 985 1606 Biantis
1008 1549 1085 1605 illius
1102 1550 1254 1621 populares
1273 1550 1424 1607 Menander
1443 1554 1473 1606 et

295 1639 432 1697 Diodorus
456 1641 608 1711 inprimis
632 1641 687 1696 sibi
708 1639 924 1696 vindicaverunt
947 1641 1158 1710 agricolationis
1181 1641 1368 1712 prudentiam.
1409 1640 1469 1696 Nec

292 1731 338 1786 his
357 1746 464 1785 cessere
483 1729 587 1786 Milesii
604 1727 742 1784 Bacchius
761 1731 790 1783 et
808 1729 949 1797 Mnaseas,
967 1730 1125 1800 Antigonus
1145 1731 1296 1801 Cymaeus,
1319 1730 1468 1801 Pergame-

292 1836 346 1873 nus
363 1817 545 1889 Apolloniae,
572 1817 646 1873 Dion
670 1815 872 1888 Colophonius,
899 1817 1038 1887 Hegesias
1060 1818 1219 1874 Maronites.
1256 1820 1330 1874 Nam
1355 1819 1468 1889 quidem

294 1907 457 1978 Diophanes
475 1907 626 1978 Bithynius
645 1907 806 1962 Uticensem
824 1907 916 1961 totum
935 1906 1112 1977 Dionysium,
1130 1907 1218 1963 Poeni
1236 1907 1366 1978 Magonis
1384 1909 1469 1965 inter-

293 1999 411 2067 pretem,
429 1997 589 2067 permulta
606 1995 738 2050 diffusum
756 1995 912 2064 volumina,
936 2011 984 2050 sex
1008 1995 1139 2066 epitomis
1168 1996 1396 2068 circumscripsit.
1433 1999 1471 2054 Et

295 2086 346 2141 alii
364 2088 460 2141 tamen
479 2084 666 2153 obscuriores,
690 2100 808 2153 quorum
830 2084 938 2154 patrias
956 2101 1013 2141 non
1032 2085 1206 2156 acecpimus,
1229 2085 1345 2156 aliquod
1363 2087 1469 2157 stipen-

294 2174 373 2230 dium
391 2177 488 2230 nostro
508 2175 600 2230 studio
620 2173 807 2230 contulerunt.
844 2173 882 2228 lli
900 2177 966 2230 sunt
984 2173 1154 2243 Androtion,
1174 2173 1342 2245 Aeschrion,
1360 2175 1470 2234 Aristo-

293 2281 401 2334 menes,
419 2264 630 2334 Athenegoras,
654 2262 766 2332 Crates,
794 2262 893 2331 Dadis,
917 2263 1077 2332 Dionysius,
1108 2264 1273 2333 Euphyton,
1297 2263 1468 2336 Euphorion.

293 2353 354 2409 Nec
372 2353 475 2409 minori
493 2354 547 2407 fide
566 2370 617 2423 pro
637 2351 712 2407 virili
737 2353 817 2421 parte
840 2351 978 2406 tributum
1002 2350 1086 2406 nobis
1112 2351 1270 2407 intulerunt
1287 2353 1469 2424 Lysimachus

296 2445 326 2498 et
339 2441 497 2510 Cleobulus,
517 2443 713 2510 Menestratus,
731 2439 942 2510 Plentiphanes,
960 2440 1063 2508 Persis,
1082 2440 1262 2511 Theophilus.
1292 2442 1329 2498 Et
1346 2447 1379 2498 ut
1396 2444 1470 2515 agri·

295 2532 466 2587 colationem
474 2531 602 2586 Romarm
615 2529 729 2585 tandem
749 2529 865 2585 civitate
879 2530 1014 2584 donemus
1024 2532 1100 2600 (nam
1115 2527 1207 2586 adhuc
1225 2530 1288 2586 istis
1307 2533 1470 2589 auctoribus

296 2618 419 2676 Graecae
437 2620 532 2691 gentis
550 2619 621 2688 fuit)
643 2619 701 2673 iam
724 2635 798 2673 nnnc
821 2619 858 2674 M.
878 2618 1026 2688 Catonem,
1050 2618 1212 2674 Censorium
1235 2619 1316 2675 illum
1334 2637 1470 2679 memore-

296 2727 367 2779 mus,
385 2707 434 2778 qui
454 2725 516 2764 eam
534 2707 635 2764 Latine
657 2707 735 2775 loqui
756 2705 862 2776 primus
885 2705 1015 2765 instituit.
1052 2708 1118 2779 post
1139 2708 1215 2763 hunc
1237 2711 1307 2765 duos
1327 2709 1471 2782 Sasernas,

296 2799 407 2868 patrem
425 2799 454 2853 et
472 2797 570 2867 tilium,
590 2795 639 2865 qui
653 2813 715 2852 eam
729 2795 893 2866 diligentins
907 2797 1077 2866 erudierunt,
1097 2814 1130 2853 ac
1149 2797 1249 2854 deinde
1264 2797 1390 2854 Scrofam
1405 2801 1470 2857 'Pre-

296 2887 430 2957 mellium,
450 2888 498 2956 qui
517 2903 579 2942 eam
598 2886 777 2955 eloquentem
796 2885 934 2956 reddidit,
953 2889 983 2942 et
1000 2885 1037 2942 M.
1058 2886 1233 2955 Terentium,
1248 2873 1307 2957 ‘qui
1325 2888 1471 2960 expolivit,

295 2994 360 3032 mox
385 2975 554 3046 Vergilium,
591 2975 640 3044 qui
668 2974 791 3029 carmine
819 2992 931 3044 quoque
958 2977 1104 3046 potentem
1130 2976 1208 3033 lecit.
1244 2978 1303 3032 Nec
1326 2982 1470 3048 postremo

298 3065 378 3136 quasi
396 3065 554 3136 paedagogi
577 3063 638 3119 eius
657 3062 816 3119 meminisse
841 3063 1037 3134 dedignemur,
1064 3064 1129 3120 Iulii
1147 3063 1266 3136 Hyginir
1288 3068 1471 3124 veruntamen

296 3157 330 3211 nt
344 3154 605 3226 Carthaginiensem
618 3154 768 3224 Magonem
787 3153 978 3208 rusticationis
997 3157 1144 3223 parentem
1162 3153 1285 3210 maxime
1297 3172 1471 3212 veneremur.

296 3262 363 3301 narn
381 3244 463 3300 huius
482 3246 546 3300 coto
565 3247 594 3298 et
612 3241 714 3312 viginti
732 3241 928 3298 memorabilia
941 3241 993 3298 illa
1005 3241 1150 3299 volumina
1164 3237 1328 3300 ex'senatus
1342 3246 1471 3302 consulto

295 3335 326 3389 in
353 3335 485 3389 Latinum
513 3349 669 3388 samonem
698 3347 833 3387 conversa
860 3333 933 3387 sunt.
979 3332 1044 3386 Non
1071 3331 1207 3388 minorem
1234 3334 1330 3389 tamen
1358 3333 1471 3391 laudem

296 3424 458 3478 meruerunt
476 3424 635 3479 nostrorum
653 3423 810 3491 temporum
828 3421 894 3490 viri,
918 3419 1063 3477 Cornelius
1081 3420 1178 3479 Celsus
1197 3423 1227 3478 et
1244 3421 1332 3478 Iulius
1352 3425 1472 3494 Atticus,

298 3511 408 3582 quippe,
420 3509 566 3566 Cornelius
583 3511 676 3566 totum
695 3526 794 3580 corpus
814 3509 980 3580 disciplinae
999 3508 1122 3579 quinque
1141 3510 1220 3565 libris
1240 3511 1400 3582 complexus
1419 3515 1471 3570 est.

298 3598 345 3654 hic
364 3598 399 3654 de
418 3616 473 3654 una
493 3598 585 3668 specie
605 3599 731 3653 culturae
749 3599 916 3668 pertinentis
931 3599 966 3654 ad
980 3597 1053 3653 uites
1067 3598 1239 3668 singularem
1253 3599 1357 3659 librum
1367 3600 1471 3662 ,edidit

298 3688 384 3744 Cuius
403 3689 483 3745 velut
505 3685 659 3756 discipulus
683 3686 738 3742 dno
761 3685 908 3742 volumina
930 3685 1065 3742 similium
1087 3691 1302 3759 praeceptorum
1326 3689 1472 3766 devincis

298 3776 387 3834 Iulius
415 3775 569 3833 Graecinus
598 3776 755 3847 composita
777 3775 897 3832 facetius
925 3778 954 3832 et
977 3776 1112 3832 eruditius
1144 3777 1306 3846 posteritati
1332 3779 1471 3856 tradenda

298 3867 427 3924 curavit?

389 3979 440 4029 182
460 3974 491 4029 E.
510 3992 538 4044 g.
557 3972 621 4029 Boli
634 3971 772 4029 Mendesii
788 3972 833 4028 bis
851 3972 920 4027 faoit
938 3973 1123 4029 mentionem:
1142 3990 1162 4028 r.
1177 3989 1200 4028 r.
1215 3972 1274 4028 VlI.
1291 3979 1316 4042 t,
1336 3977 1383 4029 1⁷:
1404 3974 1471 4032 ‘Sed

299 4062 459 4135 Aegyptiae
477 4061 570 4134 gentis
590 4064 687 4118 auctor
705 4060 904 4136 memorabilis,
923 4060 1010 4117 Bolus
1023 4061 1193 4128 Mendesius,
1213 4063 1291 4118 cuius
1306 4065 1471 4134 commenta,

299 4170 371 4222 quae
390 4151 570 4224 appellantur
588 4151 694 4208 Graece
712 4149 901 4221 ὑπομνήματα
931 4151 982 4206 sub
999 4151 1114 4206 nomine
1132 4150 1287 4209 Democriti
1310 4151 1382 4208 falso
1409 4169 1473 4223 pro-

299 4243 415 4312 duntur,
439 4242 561 4304 censet.
582 4282 588 4295 .
608 4241 627 4296 .'
653 4244 681 4296 et
705 4259 726 4295 r.
745 4257 766 4294 r.
786 4238 832 4294 xl.
852 4245 878 4308 3,
897 4244 946 4294 tt:
972 4240 1062 4310 ‘apud
1082 4241 1240 4312 Aegyptiae
1259 4239 1353 4311 gentis
1371 4239 1473 4297 Bolum

299 4329 474 4386 Mendesium
491 4329 613 4400 legimus
633 4374 639 4387 .
660 4370 665 4384 .
687 4329 705 4383 .'

390 4441 441 4492 188
459 4435 538 4492 Varr.
559 4456 580 4492 r.
600 4455 620 4492 r.
640 4437 660 4491 I.
682 4441 705 4505 1,
725 4440 805 4506 8sq.:
826 4435 893 4503 ‘Qui
911 4435 1017 4492 Graece
1035 4436 1206 4506 scripserunt
1224 4436 1382 4507 dispersim,
1401 4435 1473 4492 alius

300 4525 336 4582 de
356 4525 412 4582 alia
429 4543 469 4594 re,
494 4525 560 4581 sunt
576 4525 640 4595 plus
658 4523 870 4596 quinquaginta.
904 4524 942 4580 Hi
955 4528 1028 4596 sunt,
1047 4542 1117 4595 quos
1134 4527 1167 4581 tu
1185 4525 1289 4612 habere
1308 4525 1339 4580 in
1357 4524 1475 4582 consilio
