3470 5124
739 324 958 388 ..72-

354 508 404 557 161
424 501 459 557 ot.
477 519 500 556 r.
518 519 540 556 r.
558 500 605 556 XI.
626 505 650 566 1,
670 503 717 556 31:
738 496 780 554 ‘in
797 497 833 554 iis
847 497 935 566 libris,
954 514 1025 566 quos
1040 497 1173 552 adversus
1188 495 1346 566 astrologos
1360 512 1435 552 com-

263 592 432 662 posueram.’

353 686 404 736 163
424 679 459 737 cf.
478 699 500 734 r.
519 698 541 736 r.
561 678 594 734 X.
614 677 700 747 praef.
722 683 749 733 1:
775 675 911 733 ‘foenoris
933 677 988 745 tui,
1013 675 1088 743 quod
1113 672 1262 744 stipulanti
1280 673 1438 744 spoponde-

264 788 324 825 ram
343 769 398 824 tibi
417 809 423 822 .
443 809 449 823 .
471 769 489 823 .’

355 863 406 913 164
425 857 459 912 61.
474 875 495 912 r.
510 875 532 912 r.
547 855 593 912 IX.
613 861 655 924 16,
675 860 705 911 2:
732 855 815 924 ‘quae
836 854 944 924 reliqua
963 851 1046 910 nobis
1070 852 1236 908 rusticarum
1259 867 1352 906 rerum
1372 867 1438 920 pars

264 949 396 1018 superest,
415 947 444 1000 in
463 962 575 1000 carmen
594 943 789 999 conferemus?

353 1055 375 1090 r.
393 1053 415 1091 r.
434 1033 467 1091 X.
486 1034 573 1104 praef.
595 1040 622 1088 1:
648 1033 784 1087 ‘foeneris
801 1032 845 1086 tui
864 1074 870 1086 .
891 1073 898 1086 .
917 1073 924 1087 .
943 1030 1080 1100 reliquam
1104 1028 1279 1100 pensiculam
1301 1029 1435 1100 percipe!

352 1143 373 1181 r.
385 1143 407 1180 r.
417 1124 463 1180 XI.
475 1130 501 1192 1,
511 1128 540 1177 2:
558 1123 723 1190 ‘numerum
735 1136 818 1190 quem
827 1119 883 1176 iarn
895 1119 977 1190 quasi
990 1135 1256 1189 consummaveram,
1266 1117 1439 1173 voluminum

265 1214 372 1270 excessi
397 1218 427 1269 61
449 1214 503 1268 hoc
526 1209 704 1266 undecimum
727 1209 910 1280 praeceptum
931 1208 1123 1264 rusticationis
1142 1207 1293 1262 memoriae
1312 1206 1437 1263 tradidi’

358 1324 410 1375 166
429 1319 463 1374 of.
483 1337 505 1375 r.
524 1337 546 1374 r.
565 1317 612 1373 XI.
633 1323 658 1386 1,
677 1323 706 1372 2:
728 1317 811 1386 ‘quae
830 1314 957 1385 quamvis
976 1314 1067 1385 primo
1086 1314 1127 1369 rei
1142 1315 1261 1370 rusticae
1275 1314 1348 1371 libro
1362 1312 1438 1369 vide-

268 1409 320 1464 bar
338 1407 516 1478 aliquatenus
535 1406 701 1462 exsecutus?

357 1503 408 1553 166
428 1496 535 1566 Sequor
553 1496 743 1550 coniecturam
760 1492 936 1562 Guilandiui3
955 1510 981 1547 1.
992 1491 1125 1548 (16661611
1140 1491 1197 1548 Sor.
1208 1509 1229 1546 r.
1240 1510 1261 1546 r.
1273 1491 1293 1546 I.
1303 1507 1369 1561 pag.
1380 1492 1440 1545 491.

268 1585 310 1640 De
329 1586 424 1656 palma
443 1584 515 1640 enim
536 1583 687 1654 campestri
706 1581 862 1638 Columella
880 1579 996 1637 omnino
1013 1598 1070 1636 non
1094 1582 1165 1651 egit,
1189 1597 1320 1650 cannam,
1346 1577 1375 1633 id
1399 1581 1443 1635 est

268 1673 441 1744 arundinem,
459 1675 489 1730 in
507 1674 607 1729 111666
626 1670 802 1742 pedamentis
819 1669 987 1738 numeravit,
1005 1687 1031 1726 v.
1051 1689 1073 1726 r.
1091 1687 1114 1726 1.
1133 1669 1178 1725 IV.
1198 1675 1240 1726 32.

358 1786 409 1836 167
431 1780 477 1835 ‘ne
495 1781 561 1836 hoo'
581 1779 717 1849 praebent
736 1776 856 1846 codices,
876 1777 934 1832 ‘ne'
956 1776 1058 1832 omisso
1079 1777 1155 1833 ‘boc’
1176 1775 1314 1832 editiones
1333 1776 1354 1831 I.
1366 1774 1396 1831 Β.
1407 1776 1440 1830 R.

361 1875 411 1924 168
430 1870 540 1924 textum
559 1866 685 1923 rest’tuit
702 1866 883 1921 Lundstrbm:
902 1865 1009 1921 Eronos
1028 1867 1049 1921 l.
1068 1865 1134 1922 fasc.
1156 1873 1180 1922 1.

360 1963 411 2013 169
430 1957 465 2014 cf.
484 1975 506 2012 r.
520 1976 542 2013 r.
561 1955 608 2012 III.
627 1961 658 2025 l,
678 1962 707 2010 3:
728 1954 808 2010 ‘Post
820 1956 890 2010 haec
910 1953 1011 2009 deinde
1029 1955 1188 2010 meminerit
1206 1956 1336 2009 accurate
1354 1953 1442 2009 vineis

269 2048 363 2102 locum
382 2045 499 2117 eligere:
523 2046 557 2100 de
577 2063 632 2115 quo
650 2062 714 2100 cum
732 2043 912 2112 iudicaverit,
934 2043 1085 2098 maximam
1104 2041 1282 2114 diligentiam
1306 2043 1377 2098 sciat
1395 2043 1443 2096 ad·

270 2135 421 2192 hibendum
449 2134 645 2205 pastinationi:
673 2151 758 2202 quam
785 2149 848 2187 6111
871 2131 1024 2202 peregerit,
1052 2149 1109 2187 non
1135 2132 1243 2187 minore
1266 2148 1334 2186 cura
1355 2132 1443 2186 vitem

272 2226 401 2280 conserat
420 2228 462 2292 61,
488 2241 551 2279 cum
575 2223 690 2292 severit,
713 2237 822 2276 summa
845 2221 994 2276 sedulitate
1017 2219 1141 2276 culturae
1165 2219 1293 2276 serviat.’
1315 2251 1348 2262 —
1367 2222 1444 2276 Haec

272 2313 419 2383 dispositio
447 2313 512 2367 libri
534 2311 582 2368 III.
602 2312 697 2382 capita
725 2327 797 2379 quae
820 2312 985 2379 sequuntur,
1009 2311 1102 2365 161111
1126 2310 1228 2364 librum
1246 2309 1306 2380 IV„
1326 2309 1392 2365 libri
1409 2309 1443 2366 V.

271 2406 378 2473 septem
397 2402 492 2471 capita
509 2399 697 2471 amplectitur.

362 2515 412 2564 170
431 2505 545 2562 Etenim
564 2524 627 2562 cum
646 2505 721 2576 agris
736 2504 966 2561 administrandis
984 2506 1043 2575 ipse
1058 2521 1172 2575 operam
1185 2509 1310 2574 navaret,
1328 2504 1445 2563 hiberno

272 2599 383 2653 tantum
402 2597 528 2665 tempore
547 2595 704 2650 litterarum
723 2593 823 2650 studiis
842 2595 961 2650 1666111

361 2685 422 2740 Η66
441 2687 607 2754 argumento
625 2683 764 2738 refellitur
781 2683 982 2751 Reitzenstein,
1006 2682 1055 2752 qui
1073 2685 1206 2740 Iudaeum
1228 2682 1309 2742 illurn
1328 2701 1345 2737 a
1364 2681 1445 2738 Colu-

274 2773 359 2828 mella
377 2775 562 2828 memoratum
580 2773 654 2827 inter
673 2771 847 2826 Christianos
864 2773 931 2841 post
948 2774 1066 2827 Romam
1088 2771 1233 2828 incensam
1251 2772 1279 2826 11
1298 2772 1374 2827 61166
1387 2774 1446 2827 tru-

273 2863 380 2917 cidatos
399 2861 485 2916 fuisse
504 2862 654 2929 concludit,
674 2877 844 2931 quamquam
862 2878 951 2916 nonus
969 2879 1079 2931 quoque
1099 2861 1270 2916 Columellae
1289 2861 1361 2916 liber
1380 2859 1446 2916 Cal-

273 2949 348 3005 lione
367 2949 431 3006 vivo
450 2950 622 3020 compositus
642 2951 692 3005 661.

365 3044 414 3093 171
434 3036 545 3094 Atticus
565 3041 594 3094 et
612 3037 764 3095 Graecinus
783 3039 873 3093 solam
890 3038 992 3093 vitium
1011 3055 1105 3093 curam
1124 3040 1334 3106 enarraverant,
1355 3057 1446 3108 neque

274 3126 385 3196 Celsus,
408 3143 471 3182 cum
491 3128 566 3185 orbis
585 3128 742 3184 doctrinam
766 3127 924 3198 colligeret,
948 3127 985 3183 ad
1008 3126 1122 3182 arbores
1145 3127 1268 3182 animum
1292 3128 1447 3184 attendisse

274 3217 392 3273 videtur.
429 3216 519 3282 Quare
538 3215 694 3272 Columella
711 3235 767 3273 non
786 3216 898 3284 habuit,
922 3216 996 3284 quod
1014 3216 1174 3285 aequalium
1192 3217 1345 3272 sententias
1369 3234 1446 3289 spec·

274 3308 356 3361 taret.
384 3304 509 3374 Accedit,
529 3306 604 3374 quod
617 3305 757 3375 agricolae
772 3305 865 3360 Italici
883 3305 913 3359 in
930 3305 1035 3360 vitibus
1055 3303 1179 3360 colendis
1193 3305 1298 3361 versati
1316 3305 1447 3362 arborum

275 3394 401 3449 culturae
420 3411 476 3448 non
499 3395 658 3450 studebant.
696 3394 773 3460 Quae
801 3412 864 3448 cum
892 3394 933 3449 ita
956 3397 1061 3462 666611,
1090 3392 1244 3449 Columella
1266 3395 1447 3464 pristinorum

276 3482 489 3551 praeceptorum
513 3481 689 3536 omniafere
712 3483 798 3537 verba
822 3484 851 3539 et
878 3482 989 3537 litteras
1011 3481 1042 3537 in
1065 3481 1180 3538 alterius
1202 3484 1295 3552 operis
1318 3483 1447 3553 quintum

275 3571 379 3624 librum
397 3571 594 3639 transscripsit.

366 3664 416 3714 172
435 3657 649 3728 Digressionum
668 3658 784 3728 abipso
803 3659 881 3715 nullo
894 3663 1014 3728 rogante
1033 3660 1201 3716 insertorum
1216 3661 1345 3732 exempla
1363 3679 1448 3732 supra

277 3748 419 3818 exscripsi,
438 3768 464 3804 1.
479 3764 544 3818 pag.
559 3755 601 3804 38.
630 3747 731 3805 Silvini
749 3749 876 3818 precibus
895 3753 1051 3805 commotus
1071 3749 1160 3806 tribus
1179 3751 1270 3818 quinti
1287 3749 1355 3805 libri
1372 3751 1447 3821 capi·

276 3837 351 3892 tibus
369 3855 562 3894 mensurarum
581 3838 733 3908 praecepta
752 3837 838 3893 dedit.

366 3930 417 3982 173
444 3927 509 3983 Sola
536 3925 615 3982 vilici
642 3925 735 3982 officia
762 3928 941 3981 enarraturus
971 3925 1055 3996 plane
1086 3925 1183 3982 omisit
1209 3927 1318 3997 pecoris
1344 3945 1448 3997 curam,

277 4032 360 4082 quam
379 4014 600 4085 patresfamiliae
614 4015 660 4070 vel
680 4015 734 4070 sibi
752 4015 941 4070 reservabant.
961 4047 993 4055 -
1014 4015 1048 4071 cf.
1067 4034 1088 4070 r.
1108 4036 1130 4071 r.
1144 4015 1216 4072 VIII.
1238 4022 1280 4085 11,
1300 4023 1329 4072 11
1350 4017 1448 4073 ‘Pavo-

276 4121 344 4158 num
363 4105 492 4160 educatio
510 4105 601 4174 magis
624 4103 725 4159 urbani
747 4103 836 4174 patris
858 4102 985 4160 familiae
1008 4121 1092 4174 quam
1115 4104 1210 4160 tetrici
1232 4105 1330 4162 rustici
1354 4123 1448 4161 euram

277 4191 385 4261 poscit’
410 4224 444 4232 -
467 4192 513 4248 vel
539 4193 648 4262 pecoris
676 4192 818 4264 magistris
847 4195 878 4247 in
899 4193 1011 4263 pascuis
1028 4194 1213 4249 ‘versantibus
1241 4195 1392 4250 tradebant
1414 4225 1448 4236 -

278 4282 313 4339 cl.
328 4300 350 4336 r.
364 4301 385 4336 r.
396 4281 443 4337 VI.
454 4299 492 4349 sq.
513 4313 555 4335 —.
573 4281 708 4338 Pacorum
727 4299 783 4337 non
800 4281 870 4338 facit
888 4283 1067 4350 mentionem,
1086 4283 1140 4337 nisi
1158 4283 1182 4337 si
1201 4283 1235 4337 de
1253 4300 1339 4338 usura
1357 4300 1390 4337 ex
1408 4283 1449 4339 eis

278 4369 410 4424 habenda
428 4371 477 4423 aut
495 4372 529 4425 de
548 4372 623 4440 agris
641 4372 677 4428 ab
697 4370 737 4426 eis
756 4371 868 4427 tuendis
888 4370 993 4441 agitur:
1013 4377 1029 4438 5
1049 4377 1095 4424 14:
1116 4415 1122 4427 .
1142 4416 1148 4428 .
1169 4414 1176 4428 .
1197 4370 1316 4427 ‘maturi
1335 4372 1403 4441 agni
1421 4374 1450 4428 et

279 4457 382 4525 reliqui
404 4457 496 4512 foetus
519 4459 656 4528 pecudum
682 4477 733 4515 nec
756 4459 848 4516 miuus
871 4460 978 4515 maiora
1000 4459 1192 4531 quadrupedia
1214 4461 1375 4516 charactere
1394 4460 1451 4532 sig·
