3470 5124
749 329 967 396 ..17-

273 515 325 578 lis.
371 513 422 578 Ad
451 511 537 577 hunc
559 510 696 596 Eprium
720 509 911 575 Marcellum
938 509 1058 594 prioris
1087 509 1194 594 operis
1221 509 1335 574 rustici
1358 507 1446 575 volu·

276 622 366 686 mina
389 618 563 685 Schneider
591 611 814 684 aColumella
843 617 944 682 missa
972 638 1041 682 esse
1071 615 1158 682 facit.
1204 614 1338 681 Summa
1369 638 1445 682 vero

263 726 497 810 indignatione
521 725 669 792 exarduit
691 721 908 790 Barbaret.¹⁰²
944 723 997 788 Me
1020 726 1106 797 certe
1130 746 1149 787 a
1169 720 1354 788 Schneideri
1378 745 1447 788 sen-

273 832 377 898 tentia
407 856 474 899 non
505 831 711 898 abalienavit.
761 830 905 896 Primum
938 831 1025 895 enim
1058 830 1331 895 Franco-Gallum
1362 829 1447 914 fugit

271 939 361 1024 prius
389 939 546 1005 rusticum
576 961 657 1024 opus
687 961 706 1003 a
729 937 909 1005 Columella
936 937 1067 1003 Tiberio
1095 937 1290 1021 imperatore
1318 958 1447 1020 compo-

275 1047 373 1112 situm
404 1069 473 1112 esse
503 1069 570 1112 non
602 1045 743 1111 Neronis
776 1044 986 1130 temporibus.
996 1042 1034 1081 ¹⁰³
1078 1044 1216 1130 Deinde,
1248 1049 1447 1129 quantopere

272 1154 405 1219 Tacitus
432 1152 572 1220 delatori
594 1153 698 1218 inviso
722 1152 955 1218 obtrectaverit
976 1151 1194 1236 invidiamque
1217 1150 1447 1234 conciliaverit,

273 1282 340 1326 non
373 1264 510 1326 constat.
555 1259 638 1325 Tum
666 1259 763 1342 primi
792 1258 869 1323 libri
896 1259 1097 1344 praefatione
1125 1259 1220 1323 nixus
1253 1256 1448 1323 Columellas

274 1390 385 1433 omnes
409 1367 660 1432 iurisconsultos
683 1370 776 1431 tento
801 1365 874 1431 odio
899 1366 1010 1452 fuisse,
1033 1368 1069 1431 ut
1091 1386 1258 1450 nunquam
1284 1386 1447 1450 quoquam

274 1474 481 1540 familiariter
512 1477 672 1559 uteretur,
704 1471 973 1539 Franco-Callus
1005 1473 1125 1538 iniuria
1157 1468 1356 1537 affirmat.¹⁰⁴
1410 1471 1448 1536 Id

275 1580 406 1665 quidem
424 1603 483 1664 pro
503 1583 591 1647 certo
610 1581 714 1646 habeo
734 1580 775 1644 ad
794 1579 933 1664 Eprium
952 1578 1142 1646 Marcellum
1163 1579 1321 1664 quendam
1339 1580 1449 1663 priora

276 1684 474 1753 Columellae
502 1686 624 1753 rustica
646 1694 821 1773 praecepta
848 1687 949 1752 missa
973 1709 1052 1752 esse.
1088 1685 1151 1771 An,
1174 1686 1229 1770 qui
1253 1686 1374 1751 factum
1399 1685 1449 1768 sit,

276 1797 312 1858 ut
335 1795 569 1880 grammaticus
592 1794 724 1880 ingenio
752 1794 922 1879 indulgens
945 1794 1047 1878 Eprio
1070 1792 1225 1858 Marcello
1250 1790 1448 1857 Columellas

273 1901 392 1966 librum
416 1902 598 1967 dedicatum
622 1922 693 1965 esse
716 1899 867 1985 fingeret,
898 1901 978 1964 satis
1010 1900 1106 1965 certis
1136 1900 1338 1986 argumentis
1368 1921 1446 1964 usus

275 2008 445 2093 qnisquam
469 2006 693 2073 demonstret?
737 2006 885 2072 Eundem
910 2006 1071 2072 Thraseae
1095 2006 1273 2071 delatorem
1297 2028 1367 2071 esse
1390 2027 1450 2072 nec

273 2135 334 2198 pro
363 2119 450 2180 certo
478 2115 598 2180 habere
625 2135 684 2178 nec
712 2135 888 2199 pernegare
916 2113 1000 2178 licet
1047 2112 1188 2179 Maxime
1215 2135 1291 2179 vero
1324 2134 1449 2195 moneo,

275 2242 316 2284 ne
340 2219 423 2304 quis,
446 2242 529 2304 quae
552 2241 650 2304 snpra
679 2220 828 2304 exposui,
850 2242 965 2304 parum
988 2219 1160 2304 diligenter
1183 2221 1369 2305 complexus
1393 2225 1450 2285 aut

275 2326 412 2412 Eprium
435 2326 625 2391 Marcellum
650 2326 785 2391 eundem
814 2348 884 2390 esse
909 2330 1005 2410 atque
1029 2325 1201 2391 Claudium
1225 2328 1449 2412 Augustalem,

276 2433 366 2498 cuius
394 2433 428 2497 in
462 2432 632 2498 undecimo
664 2432 749 2498 libro
779 2436 892 2499 noster
921 2433 1120 2498 mentionem
1150 2432 1244 2517 facit,
1276 2436 1333 2497 aut
1363 2436 1449 2497 certe

277 2537 491 2605 Columellam
523 2539 629 2606 sodali
651 2539 831 2627 Augustali
859 2540 999 2624 quodam
1029 2539 1233 2604 familiariter
1260 2561 1355 2605 usum
1379 2562 1449 2604 esse

231 2721 236 2728 ,
277 2646 458 2711 concludat.
504 2647 633 2732 Duplex
656 2668 745 2714 error
773 2669 847 2712 eum
870 2646 1016 2732 decipiet.
1054 2646 1148 2711 Alter
1171 2650 1235 2732 est,
1258 2647 1354 2732 quod,
1376 2668 1449 2712 cum

276 2753 365 2818 vilici
387 2757 562 2838 praecepta
584 2753 707 2838 publici
737 2754 818 2819 iuris
841 2754 969 2838 fierent,
1000 2752 1155 2819 Claudius
1179 2755 1233 2819 ille
1257 2754 1449 2840 Augustalis

276 2859 464 2925 adulescens
496 2859 572 2946 fuit,
604 2860 724 2944 Eprius
753 2860 927 2926 Marcellus
954 2861 1020 2926 iam
1050 2881 1134 2925 anno
1162 2883 1193 2944 p.
1216 2859 1290 2926 Chr.
1314 2860 1365 2925 57.
1388 2883 1448 2945 pro

275 2971 426 3050 praetore
449 2965 585 3049 Lyciam
613 2967 866 3051 administravit,
897 2967 992 3050 alter,
1023 2968 1109 3051 quod
1132 2967 1253 3052 Eprius
1276 2966 1447 3033 Marcellus

275 3095 340 3138 non
363 3073 428 3137 nisi
450 3071 591 3139 Neronis
615 3074 846 3159 Vespasianive
869 3073 980 3138 favore
1004 3074 1261 3160 Augustalitatis
1284 3075 1448 3159 particeps

275 3180 382 3244 factus
405 3182 469 3264 est,
494 3180 605 3264 priora
626 3180 732 3245 nostri
754 3181 876 3266 rustica
903 3185 1076 3264 praecepta
1099 3180 1220 3245 Tiberii
1248 3181 1449 3265 temporibus

276 3286 311 3348 in
334 3285 438 3351 lucem
462 3285 549 3350 edita
573 3291 658 3370 runt,
681 3308 754 3352 cum
776 3287 811 3350 in
835 3285 957 3350 maiore
982 3308 1077 3370 opere
1100 3286 1195 3371 Eprii
1213 3286 1359 3352 Marcelli
1383 3310 1449 3353 non

254 3392 338 3458 vliat
361 3391 491 3459 mentio.

366 3497 414 3564 De
433 3498 535 3584 Eprio
554 3498 709 3565 Marcello
729 3521 802 3564 cum
822 3521 888 3565 non
911 3499 991 3565 satis
1015 3501 1150 3586 constet,
1172 3501 1310 3567 maxime
1335 3523 1448 3567 caven·

277 3607 353 3672 dum
378 3610 441 3691 est,
468 3629 510 3671 ne
534 3607 602 3671 eius
626 3629 698 3671 cum
723 3604 904 3673 Columella
929 3606 1148 3672 familiaritati
1170 3609 1306 3674 nimium
1330 3609 1449 3675 tribua-

277 3735 359 3778 mus.
405 3711 452 3777 Ac
476 3714 504 3778 si
528 3711 726 3779 Columellas
750 3713 876 3778 iuvenis
901 3715 1040 3778 amicum
1063 3736 1237 3799 progressa
1260 3719 1366 3780 aetate
1389 3716 1450 3779 im-

277 3823 464 3903 peratorum
477 3819 628 3884 intimum
643 3820 784 3885 evasisse
799 3820 1003 3905 concedatur,
1017 3825 1127 3886 tamen
1140 3822 1172 3885 id
1188 3822 1292 3887 solum
1308 3825 1449 3886 statuere

277 3926 368 4010 licet,
391 3923 606 3991 Columellam
628 3927 695 3991 iam
718 3927 866 3992 iuvenem
892 3928 927 3991 in
950 3927 1049 3992 ltalia
1072 3950 1137 3993 non
1161 3929 1265 3994 solum
1288 3928 1449 4014 populeri-

278 4033 339 4098 bus
358 4031 518 4118 Hispanis
537 4033 593 4097 sed
612 4034 709 4098 etiam
728 4033 890 4120 indigenis
904 4033 1018 4099 Italiae
1037 4034 1241 4099 familiariter
1255 4057 1349 4100 usum
1369 4056 1449 4099 esse.

366 4139 419 4204 Ad
441 4139 538 4224 primi
561 4141 677 4224 capitis
700 4142 798 4205 finem
821 4142 1036 4225 pervenimus.
1081 4142 1129 4206 De
1149 4145 1330 4207 ceterorum
1350 4142 1449 4224 scrip-

276 4251 385 4313 tornm
409 4247 606 4313 testimoniis
630 4246 671 4311 ad
695 4245 894 4313 Columellas
918 4247 1018 4313 vitam
1041 4247 1278 4332 pertinentibus
1308 4247 1449 4313 secundo

278 4355 383 4439 capite
407 4375 549 4439 agemus.

1274 4569 1289 4618 2
