3470 5124
801 374 1020 439 ,28-

326 551 523 636 excerpsisse
554 554 696 618 testatur
726 551 867 636 Plinius,
899 572 980 636 qaae
1008 551 1147 636 legimus
1175 573 1241 617 non
1268 550 1303 616 in
1331 550 1498 616 duodecim

328 658 529 724 voluminum
555 681 703 745 corpore,
736 659 791 725 sed
819 659 852 724 in
877 659 952 723 libri
976 658 1014 724 de
1038 658 1207 724 arboribus
1231 658 1337 743 capite
1360 655 1500 724 nono.¹¹¹⁰

416 765 526 832 Unum
550 768 678 831 tantum
703 763 916 830 Columellam
939 767 1056 829 testem
1080 787 1100 829 a
1122 763 1228 829 Plinio
1251 765 1378 830 laudari
1402 787 1499 850 supra

327 873 544 958 exposuimus.
590 871 620 937 Α
643 875 756 937 nostro
781 892 858 956 ergo
878 869 1060 937 Columella
1082 870 1165 936 liber
1183 872 1341 957 originem
1367 872 1498 956 accepit.

328 979 425 1046 Dicet
457 979 574 1064 aliquis
606 1001 658 1045 me
690 979 792 1063 ipsum
821 979 920 1044 verba
952 977 1069 1044 fecisse
1096 979 1134 1044 de
1163 976 1342 1044 Columella
1369 978 1498 1063 maiore,

328 1086 495 1170 scriptoris
528 1089 659 1172 patruo,
690 1084 912 1151 illustrissimo
940 1083 1119 1170 Hispaniae
1152 1084 1305 1151 Baeticae
1341 1086 1498 1172 agricola;

325 1192 428 1257 videri
452 1190 598 1258 aPlinio
622 1191 835 1276 compilatore
855 1191 1049 1256 Gaditanum
1072 1192 1148 1257 libri
1171 1192 1210 1257 de
1235 1192 1405 1258 arboribus
1425 1214 1497 1258 auc·

322 1301 426 1364 torem
455 1321 526 1364 cum
551 1296 730 1364 Caeretano
759 1297 925 1363 duodecim
958 1298 1115 1363 librorum
1144 1299 1301 1382 scriptore
1329 1298 1497 1364 confusum

327 1428 406 1472 esse.
450 1405 544 1471 Talia
575 1405 632 1490 qai
663 1404 809 1489 proferat
841 1425 960 1490 magno
992 1405 1027 1468 10
1061 1426 1168 1470 000000
1197 1407 1351 1469 versetur.
1399 1405 1497 1490 Fugit

325 1512 412 1577 enim
435 1534 508 1577 eum
532 1513 608 1577 libri
632 1512 670 1578 de
699 1511 870 1577 arboribus
894 1514 991 1596 caput
1014 1511 1202 1577 vicesimum
1225 1511 1414 1596 septimum,
1441 1512 1497 1578 ubi

323 1642 417 1686 omne
450 1640 551 1704 genus
580 1619 701 1684 surculi
729 1619 817 1683 omni
845 1618 956 1703 generi
984 1617 1110 1684 arboris
1137 1618 1237 1685 inseri
1264 1640 1360 1703 posse
1384 1622 1497 1685 auctor

322 1727 429 1812 docet,
462 1749 559 1812 quam
588 1726 746 1792 rationem
775 1748 794 1790 a
822 1747 856 1791 se
883 1726 1049 1790 inventam
1078 1746 1148 1790 esse
1177 1728 1290 1790 narrat
1318 1723 1497 1792 Columella

321 1836 433 1899 noster
456 1855 481 1897 r.
500 1855 525 1898 r.
541 1831 571 1898 V
594 1833 643 1917 11,
670 1833 720 1898 12.
756 1829 914 1896 Nostrum
933 1834 1027 1896 tanta
1045 1831 1153 1916 patrui
1172 1831 1384 1898 admiratione
1405 1834 1497 1899 affec·

323 1943 392 2004 tum
416 1939 526 2019 fuisse,
548 1943 585 2003 ut
608 1938 676 2003 eius
696 1938 888 2023 doctrinam,
911 1959 1015 2022 usum,
1038 1937 1176 2003 artificia
1194 1939 1328 2004 summis
1347 1941 1496 2008 laudibus

323 2047 464 2126 efferret,
500 2045 607 2130 priore
646 2044 884 2111 dissertationis
921 2048 1015 2130 parte
1053 2045 1210 2110 enarravi.
1268 2044 1389 2135 Neque¹
1419 2068 1496 2132 ergo

323 2152 491 2238 habemus,
513 2173 570 2217 cur
593 2173 665 2217 eum
685 2174 705 2217 a
724 2174 757 2217 se
780 2151 914 2218 inventa
937 2174 1007 2218 essa
1030 2151 1191 2217 affirmare
1215 2153 1391 2238 credamus,
1416 2175 1497 2239 quae

323 2259 388 2324 iam
421 2263 556 2345 patruus
585 2258 765 2325 Gaditanus
798 2262 993 2326 exercuerat.
1041 2258 1102 2324 His
1131 2258 1286 2344 expositis
1316 2259 1434 2325 librum
1458 2260 1497 2324 da

324 2367 495 2433 arboribus
519 2364 718 2432 Columellae
747 2366 856 2432 deberi
885 2370 918 2431 01
944 2367 996 2432 bis
1025 2388 1098 2432 cum
1126 2366 1165 2431 de
1188 2388 1222 2432 re
1245 2366 1368 2432 rustica
1391 2367 1508 2452 egisse.

324 2477 463 2540 constat.
500 2473 646 2539 Alterius
675 2472 781 2564 operis
809 2495 909 2538 unum
937 2475 1065 2538 tantum
1094 2473 1240 2538 libellum
1264 2473 1397 2538 alterius
1421 2473 1497 2546 duo·

324 2581 426 2646 decim
448 2579 616 2647 volumina
639 2579 765 2646 codices
789 2576 1008 2645 contineut.¹³1
1045 2578 1167 2656 Quodsi
1189 2600 1223 2644 re
1246 2601 1323 2645 vera
1346 2580 1385 2645 de
1404 2582 1496 2647 arbo-

325 2686 415 2752 ribus
438 2687 559 2752 librum
584 2684 765 2752 Columella
794 2685 939 2774 scripsit,
968 2689 1075 2752 utrum
1109 2708 1190 2771 opus
1222 2687 1379 2753 rusticam
1406 2688 1496 2773 prius

324 2794 551 2879 composuerit,
575 2791 703 2859 exsist‘t
725 2793 882 2877 quaestio.
929 2792 1033 2869 Quam
1056 2815 1119 2879 quo
1143 2794 1325 2860 accuratius
1348 2794 1497 2860 diiudice-

325 2924 410 2985 mas,
433 2902 552 2966 librum
576 2901 614 2966 de
638 2899 809 2967 arboribus
838 2922 910 2966 cum
933 2900 1065 2966 maioris
1088 2901 1194 2985 operis
1226 2902 1339 2987 tertio,
1371 2905 1497 2987 quarto,

326 3009 439 3093 quinto
462 3006 690 3092 voluminibus,
713 3029 795 3091 quae
818 3008 946 3073 easdem
970 3029 1022 3073 res
1040 3011 1191 3091 tractant,
1215 3029 1448 3092 comparemus.

413 3115 505 3181 Libri
528 3114 566 3180 de
590 3113 759 3180 arboribus
779 3113 949 3200 dispositio
967 3114 1047 3180 haec
1067 3117 1130 3180 est:
1153 3114 1297 3181 Primum
1317 3114 1498 3182 Columella

323 3221 508 3308 Vergilium
542 3221 689 3287 imitatus
722 3241 842 3306 genera
874 3223 1074 3288 surculorum
1105 3225 1274 3287 enumerat
1304 3257 1345 3268 -
1374 3245 1444 3308 cap.
1470 3227 1497 3309 1,

327 3335 347 3412 ξ
360 3331 446 3396 1-2
462 3366 512 3413 —,
526 3328 640 3394 deinde
655 3328 694 3393 de
707 3329 829 3394 vitibus
845 3328 987 3394 colendis
1002 3327 1072 3414 agit
1085 3364 1128 3375 —
1144 3351 1243 3414 usque
1258 3328 1298 3394 ad
1313 3351 1381 3414 cap.
1393 3331 1434 3396 16
1446 3367 1498 3416 -,

324 3443 395 3502 tum
419 3436 509 3501 oleae
534 3436 696 3500 culturam
710 3435 870 3521 praecipit
889 3471 926 3482 -
950 3457 1017 3518 cap.
1039 3435 1078 3500 17
1103 3471 1151 3518 -,
1174 3438 1245 3500 tum
1269 3435 1307 3502 de
1326 3436 1496 3502 arboribus

324 3541 492 3629 pomiferis
506 3541 607 3607 verba
624 3541 704 3606 facit
723 3578 764 3589 -
784 3562 886 3626 usque
910 3541 951 3607 ad
966 3563 1037 3625 cap.
1056 3541 1099 3606 25
1121 3578 1170 3624 -,
1192 3544 1262 3607 tum
1281 3565 1409 3609 omnem
1430 3564 1497 3609 sur·

324 3649 433 3715 culum
451 3648 539 3714 omni
559 3647 668 3713 arbori
686 3647 787 3713 inseri
805 3669 901 3734 posse
920 3648 1014 3714 docet
1032 3684 1075 3695 -
1095 3648 1255 3733 capitibus
1274 3651 1317 3716 26
1336 3653 1369 3716 01
1387 3652 1429 3716 21
1445 3688 1498 3736 -,

324 3760 524 3842 postremum
552 3777 633 3840 quae
657 3754 697 3820 ad
726 3755 880 3840 cytisum,
914 3755 1060 3840 salicem,
1092 3755 1267 3841 genistam,
1299 3757 1497 3844 arundinem,

323 3865 420 3929 flores
447 3864 633 3948 pertineant
661 3862 752 3929 addit
774 3900 817 3910 —
841 3884 910 3947 cap.
934 3864 987 3945 28,
1012 3863 1064 3947 29,
1088 3863 1132 3929 30
1158 3899 1206 3929 -.
1252 3861 1302 3929 Νο
1325 3868 1497 3949 praecepta

324 3971 521 4036 lecturorum
544 3969 671 4036 animos
695 3970 838 4035 urbanae
852 3972 903 4035 vel
917 3970 1073 4035 obscurae
1089 3969 1253 4036 doctrinae
1268 3969 1497 4036 additamentis

324 4078 543 4162 perturbaret,
572 4080 685 4142 auctor
713 4098 810 4162 quam
838 4077 1085 4162 diligentissime
1114 4078 1210 4143 cavit.
1255 4075 1366 4161 Ipsum
1394 4096 1497 4162 neque

323 4184 545 4251 Romanorum
576 4205 680 4269 neque
713 4187 897 4249 exterorum
930 4184 1112 4250 litterarum
1144 4189 1214 4250 tum
1247 4182 1358 4249 rudem
1389 4182 1497 4266 fuisse,

323 4291 410 4357 infra
428 4290 608 4357 accuratius
631 4290 796 4356 disseram.
832 4288 885 4355 Ab
905 4291 1091 4356 auctoribus
1110 4289 1304 4356 nominatim
1327 4289 1497 4354 laudandis

324 4420 358 4464 se
382 4397 537 4480 abstinet,
565 4418 638 4462 oum
665 4419 730 4462 000
755 4396 827 4481 0010
850 4396 1051 4480 praescribat
1075 4395 1130 4461 sed
1154 4395 1230 4480 quid
1257 4396 1497 4480 praescribatur

325 4505 543 4591 agricolarum
566 4503 721 4568 interesse
745 4506 884 4568 censeat.
920 4500 1025 4577 Quare
1040 4497 1497 4598 10001101310100000018ι
