3470 5124
792 371 1007 434 -22-

401 549 578 636 Pelagonia
597 549 666 614 fere
685 548 831 632 aequalis
845 546 1012 632 Vegetius,
1036 544 1303 611 mulomedicinae
1319 540 1484 629 auctur,1⁰⁹

310 680 383 723 eum
404 657 469 722 alia
492 659 562 722 tum
580 655 661 721 haec
679 653 844 738 praelatus
864 655 924 738 est,
946 652 1046 737 praef.
1070 653 1202 736 §tsqc
1225 649 1323 718 ‘In‘cet
1338 650 1487 733 uonna

310 768 409 830 aetate
448 769 477 830 et
513 763 680 846 Pelopouio
720 781 782 827 non
823 759 955 842 defuerit
994 764 1023 825 et
1061 756 1246 825 Columellas
1285 755 1488 824 abundaverit

284 853 287 859 ⁵
310 872 432 937 dicendi
450 871 600 953 facultas,
629 890 736 935 ouum
758 869 975 947 aluredum,
1002 887 1072 933 enm
1099 867 1216 932 necno
1233 869 1397 950 umento
1419 885 1487 930 cur·

310 979 466 1063 euctaei,
499 998 592 1044 ouras
623 978 810 1043 animalium
842 977 900 1042 levi
931 975 1139 1041 admonitione
1169 974 1372 1057 perstrinxit:
1408 972 1487 1038 alter

311 1087 432 1153 onmis
454 1085 552 1170 Quis
575 1085 735 1168 nmisque
751 1083 926 1150 mulonem
949 1086 1014 1148 non
1031 1102 1162 1166 napum
1183 1081 1230 1146 rei
1249 1080 1488 1163 fundamentum

313 1190 463 1277 neplenit?

400 1298 614 1385 Pelagoniam
636 1297 777 1384 Vegetio
799 1318 864 1363 non
889 1296 992 1362 multo
1020 1296 1162 1379 priorem
1186 1316 1257 1360 esse
1281 1315 1380 1380 supra
1402 1316 1486 1360 com·

313 1405 501 1471 memoravi.
547 1404 630 1481 Quid
659 1426 736 1470 vero
773 1403 930 1469 faciamus
959 1401 1160 1469 Columellas
1187 1402 1337 1487 proxima
1358 1402 1487 1488 Vegetii

314 1514 421 1577 aetate
440 1510 591 1576 florenti?
629 1508 717 1575 Num
742 1513 857 1595 quarto
876 1532 907 1593 p.
922 1505 997 1575 Chr.
1011 1511 1141 1576 saeculo
1157 1509 1313 1577 minorem
1330 1508 1488 1575 Columel-

313 1619 381 1682 lam
410 1617 573 1682 exstitisse
602 1617 792 1683 credamus?
839 1615 981 1682 Obstant
1008 1615 1154 1702 Servius,
1185 1615 1397 1702 Pelagoniae,
1429 1613 1488 1681 Cu·

313 1723 447 1788 lamella
470 1721 692 1808 Vegetiusque
715 1723 792 1808 ipsi,
816 1721 1051 1789 Cassiodorius.
1096 1721 1247 1788 Vidimus
1275 1722 1360 1789 enim
1385 1721 1489 1788 Servii

312 1828 545 1915 Pelagoniique
568 1829 755 1895 testimonia
773 1829 878 1894 nostri
903 1829 942 1894 ad
966 1829 1067 1893 libros
1086 1828 1199 1893 redire.
1238 1826 1312 1894 Suis
1335 1829 1487 1914 tempori-

316 1937 377 2002 bus
401 1934 544 2002 eiusdem
566 1934 706 2000 nominis
732 1940 896 2002 auctorem
919 1935 1026 2001 vivere
1053 1935 1144 2002 nullo
1168 1936 1267 2001 verbo
1297 1936 1489 2022 significant.

314 2042 464 2127 Accedit,
495 2041 581 2127 quod
604 2064 639 2106 re
662 2064 738 2107 vera
761 2042 859 2127 primi
881 2065 912 2128 p.
936 2040 1011 2108 Chr.
1037 2043 1156 2108 saeculi
1184 2043 1323 2128 scriptor
1350 2044 1488 2109 rusticus

315 2152 420 2215 totam
452 2149 500 2214 rei
532 2148 673 2214 rusticae
706 2149 909 2234 disciplinam
945 2171 1009 2214 uno
1042 2170 1138 2235 opere
1177 2150 1363 2234 complexus
1396 2171 1488 2216 curas

317 2256 507 2321 animalium
526 2277 592 2321 nun
611 2256 653 2320 ab
673 2256 761 2322 omni
785 2259 878 2342 parte
903 2257 1066 2322 tractavit.
1102 2256 1204 2341 Adde,
1227 2256 1313 2341 quod
1331 2255 1488 2344 Vegetius

313 2364 364 2429 vir
386 2362 545 2448 ingenuus
574 2365 671 2448 atque
698 2363 863 2428 litteratus
894 2367 945 2428 est
971 2384 1075 2446 nsque
1103 2363 1204 2444 igitur
1233 2363 1403 2447 quisquam
1427 2362 1487 2429 Co-

313 2468 478 2533 lumellam
509 2469 669 2534 iuniorem
697 2472 773 2551 post
802 2469 1019 2554 Pelagoniam
1047 2467 1180 2554 vixisse,
1210 2469 1315 2533 nostri
1345 2492 1364 2534 a
1395 2469 1488 2536 Pela·

280 2644 283 2650 ,
316 2576 414 2662 goniu
438 2574 563 2640 laudati
586 2575 776 2640 memoriam
799 2574 972 2660 Vegetium
996 2574 1149 2640 fefellisse
1174 2575 1267 2641 dicat.
1526 2575 1528 2580 ’

403 2680 609 2747 Postremum
634 2680 785 2766 duplicis,
820 2686 857 2746 ut
885 2682 937 2747 ita
965 2681 1083 2765 dicam,
1112 2679 1309 2748 Columellas
1341 2705 1382 2748 ne
1413 2688 1490 2769 post

315 2789 491 2876 Vegetium
511 2786 639 2873 quidem
661 2788 816 2854 memoria
835 2792 951 2853 exstat.
993 2787 1151 2853 Nostrum
1171 2789 1257 2854 enim
1276 2787 1489 2857 Columellam

316 2895 489 2961 manifesto
514 2894 665 2979 designat
688 2893 927 2979 Cassiodorius,
954 2894 1171 2960 institutionis
1200 2894 1380 2962 divinarum
1404 2899 1489 2963 litte·

315 3024 426 3069 rarum
455 3004 580 3085 auct0r3
612 3001 668 3084 qui
701 3001 806 3084 capite
840 3001 1122 3087 duodetricesimo,
1154 3006 1328 3087 postquam
1356 3004 1490 3070 clericos

315 3108 403 3175 haud
427 3107 614 3194 ingeniosos
645 3108 692 3172 rei
722 3108 862 3174 rusticae
896 3130 1028 3193 operam
1060 3109 1135 3174 dare
1159 3110 1267 3196 iussit,
1298 3110 1361 3176 hoc
1392 3112 1488 3178 modo

316 3216 438 3304 pergit:
463 3214 596 3297 ‘Quodsi
618 3215 711 3281 luins
733 3217 829 3282 studii
841 3218 1041 3299 reanimatur
1054 3221 1198 3299 andnes
1221 3218 1258 3284 de
1279 3217 1375 3284 tntis
1397 3221 1491 3302 scrip

316 3326 358 3390 sit
379 3322 585 3406 antenna
612 3321 775 3406 Garpilius
802 3323 966 3390 Martialis
993 3374 1000 3387 .
1026 3374 1064 3388 ..
1112 3324 1194 3390 Pari
1220 3325 1314 3390 etiam
1341 3326 1429 3390 modo
1455 3326 1491 3389 in

317 3432 403 3516 apris
430 3429 575 3507 colendis,
608 3430 644 3493 iu
670 3430 794 3510 apulus,
825 3431 861 3493 in
892 3429 1038 3494 alantis
1069 3450 1123 3494 uec
1152 3450 1214 3493 non
1241 3433 1270 3494 ct
1296 3430 1331 3493 in
1355 3430 1491 3510 piscium

317 3536 436 3602 alendis
470 3535 550 3599 iuter
584 3538 715 3599 coelem
754 3534 923 3600 Colurnella
959 3540 988 3600 et
1019 3535 1217 3600 Aemilianus
1253 3539 1390 3601 autres
1416 3557 1490 3618 pro-

318 3641 430 3708 babiles
449 3641 621 3706 actiterunt.
651 3637 714 3705 Sed
733 3637 901 3706 Connclla
918 3640 1068 3706 seudeeiru
1088 3641 1175 3706 liliis
1191 3661 1247 3723 per
1259 3641 1397 3709 diunsas
1410 3643 1491 3727 apri-

318 3741 456 3815 cultnrae
487 3746 599 3830 species
630 3747 770 3828 anquene
801 3768 838 3813 ac
867 3747 1023 3829 facundus
1053 3747 1206 3828 illabitur,
1237 3749 1361 3815 dualis
1386 3751 1492 3833 potius

244 3941 245 3944 Ἴ
318 3879 414 3942 quarn
435 3855 587 3938 imperitis
614 3856 841 3934 aemunodus;
873 3860 910 3921 ut
935 3855 1034 3938 opera
1061 3857 1127 3922 eicis
1152 3858 1283 3923 studiosi
1308 3877 1371 3923 non
1393 3860 1492 3925 solum

318 3963 474 4030 conmuni
494 3962 600 4044 fructu
618 3963 781 4028 sedetiam
796 3963 986 4045 eratissimos
1002 3964 1101 4047 epulis
1119 3965 1308 4048 adunantur.
1339 3965 1492 4032 Aemilia-

318 4093 379 4138 nus
401 4071 494 4138 etiam
514 4069 759 4151 facundissimus
781 4069 963 4153 aptonium
984 4071 1142 4136 duodecim
1165 4071 1253 4136 litiis
1275 4072 1311 4136 de
1332 4071 1430 4138 lortn
1446 4073 1493 4139 uel

314 4179 473 4262 pecoribus
505 4176 635 4258 aliisque
666 4176 755 4242 retiis
782 4177 965 4258 pannucea
997 4177 1181 4243 lucidatione
1211 4178 1368 4262 disseruit,
1403 4201 1492 4262 quem

319 4286 403 4353 cobis
420 4286 500 4350 iuter
522 4284 602 4348 alios
625 4284 823 4350 lectitandum
844 4283 997 4368 (Domino
1015 4284 1205 4368 pausante)
1222 4283 1357 4366 relipni?

410 4388 491 4457 Cum
510 4387 649 4474 Vegetio
669 4388 893 4456 Cassiodorius
915 4389 1030 4456 laudat
1051 4386 1249 4456 Columellas
1263 4390 1493 4478 eloquentiam,

322 4499 428 4585 operis
448 4519 606 4562 summam
625 4496 710 4562 haud
730 4498 813 4561 male
833 4497 996 4581 describit,
1018 4495 1204 4582 Aemiliani,
1226 4496 1258 4561 id
1278 4499 1328 4562 cst
1346 4495 1493 4586 Palladii,
