3470 5124
751 338 1096 424 -53-·

363 514 488 580 Deinde
512 537 594 600 quae
618 515 705 600 apud
723 515 842 581 Bolum
857 515 1059 582 Mendesium
1079 539 1113 583 se
1134 518 1254 602 legisse
1269 516 1449 586 Columella

275 626 413 706 enarrat,
437 622 561 687 Plinius
585 623 734 707 scriptori
757 624 821 708 ipsi
843 623 970 689 tribuit.
1006 621 1155 689 Ceterum
1175 624 1273 690 Plinii
1291 626 1389 691 verba
1409 627 1448 692 ad

274 727 472 794 Columellae
496 730 602 794 locum
625 729 797 794 nonsatis
821 731 902 796 bene
927 727 1138 815 quadrana²²4
1174 730 1258 796 Tu‘m
1282 732 1391 816 aliqua
1409 755 1449 797 ex

272 839 364 919 parte
389 836 549 901 discedere
572 836 700 902 videtur
722 836 847 902 Plinius
872 861 892 902 a
914 835 1110 921 Columella,
1143 860 1236 922 quem
1262 859 1331 903 sese
1356 839 1448 924 sequi

273 941 425 1028 affirmat,
444 965 516 1008 cum
533 965 704 1027 pomorum
719 943 1012 1033 conservandorum
1030 948 1237 1029 praeceptum
1259 946 1313 1010 det
1327 945 1446 1012 omisso

273 1047 473 1114 Columellae
503 1049 635 1114 maioris
663 1049 812 1134 nomine,
842 1050 894 1116 cui
927 1072 961 1116 se
989 1051 1172 1116 doctrinam
1198 1052 1314 1117 debere
1337 1055 1448 1118 noster

270 1153 453 1222 enarrat²²⁵
498 1155 703 1222 Postremum
726 1157 829 1239 locos,
853 1158 909 1242 qui
933 1153 1164 1242 supersunt,²²⁶
1185 1159 1345 1244 perspice,
1372 1181 1446 1225 con·

269 1263 452 1329 tentionum
475 1264 600 1348 plenos.
644 1262 810 1328 Haeresne
834 1263 964 1347 dubius,
992 1269 1101 1329 utrum
1124 1263 1250 1330 Plinius
1273 1270 1447 1350 praecepta

271 1367 468 1435 Columellae
492 1373 585 1435 tanta
608 1391 680 1434 cum
699 1370 900 1456 negligentia
919 1369 1135 1455 exscripserit,
1157 1375 1195 1435 ut
1217 1362 1445 1456 saepenumero

269 1499 307 1542 ea
330 1499 397 1543 non
420 1481 507 1543 reete
530 1477 727 1542 intellexisse
750 1477 898 1543 videatur
922 1500 964 1543 an
988 1479 1119 1543 omnino
1144 1478 1211 1543 alia
1229 1501 1328 1564 quam
1349 1479 1445 1545 nobis

268 1583 389 1648 tradita
408 1587 493 1670 sunt,
514 1583 683 1649 volumina
697 1583 875 1650 evolverit?
907 1583 1010 1669 Adde,
1029 1584 1124 1669 quod,
1147 1606 1219 1650 cum
1234 1585 1372 1651 alterum
1387 1585 1447 1652 Co·

267 1690 419 1756 lumellae
443 1713 524 1774 opus
547 1690 670 1775 publici
693 1691 772 1755 iuris
796 1692 903 1775 fieret,
926 1691 1053 1757 Plinius
1076 1692 1197 1756 iamin
1227 1693 1445 1758 elucubranda

265 1797 408 1863 naturali
431 1797 570 1863 historia
593 1801 768 1882 occupatus
791 1795 904 1864 fuit²²⁷
942 1799 1031 1875 Quae
1054 1801 1248 1884 argumenta
1271 1821 1345 1864 oum
1368 1822 1443 1865 con-

235 1920 237 1922 ·
267 1905 472 1990 sideraveris,
493 1926 600 1970 nonne
623 1926 748 1970 mecum
776 1904 896 1970 transis
920 1905 954 1970 in
978 1903 1121 1970 Stadleri
1148 1909 1271 1990 partes,
1300 1907 1356 1990 qui
1379 1907 1444 1972 Pli-

265 2011 356 2077 nium
378 2012 486 2097 priore
510 2009 708 2076 Columellas
732 2032 828 2096 opere
851 2012 974 2076 rustico
998 2012 1047 2076 uti
1070 2011 1228 2077 coniecit?

355 2116 425 2181 Iam
459 2117 544 2181 enim
576 2139 687 2182 omnes
721 2117 928 2183 difficultates
957 2118 1174 2202 explicantur:
1203 2117 1319 2204 Attici,
1349 2119 1435 2187 Celsi

267 2222 416 2290 Graecini
446 2224 646 2309 argumentis
678 2224 855 2288 instructus
883 2223 1007 2289 Plinius
1036 2222 1234 2290 Columellae
1266 2231 1440 2311 praecepta

266 2331 385 2396 adoriri
419 2352 517 2396 ausus
550 2333 607 2395 est.
657 2330 776 2395 Postea
807 2334 919 2396 noster
951 2331 1134 2414 aequalium
1166 2332 1292 2396 ratione
1324 2333 1439 2399 habita

264 2442 438 2524 praecepta
479 2440 535 2503 aut
575 2439 702 2502 mutata
743 2433 800 2502 aut
841 2437 973 2502 defensa
1009 2437 1182 2521 posteriori
1224 2438 1316 2522 operi
1356 2439 1439 2504 inse-

263 2546 337 2611 ruit.
383 2543 453 2620 Quo
480 2528 689 2628 factumest,
716 2548 754 2609 ut
776 2544 875 2608 Plinii
903 2545 1043 2628 impetus
1069 2545 1145 2609 vani
1174 2548 1207 2609 et
1229 2545 1342 2610 inanes
1367 2569 1438 2612 esse

263 2651 441 2717 videantur.
495 2650 617 2716 Prioris
650 2651 755 2734 operis
788 2637 912 2717 morem
946 2655 1073 2716 secutus
1106 2649 1286 2718 Columella
1313 2653 1440 2720 iuvenis

263 2760 372 2842 patrui
404 2780 524 2824 nomen
551 2758 842 2824 conservandorum
870 2779 1041 2842 pomorum
1068 2761 1241 2841 praecepto
1275 2762 1345 2824 lum
1372 2782 1439 2826 non

264 2864 418 2930 adiunxit.

350 2971 480 3058 Itaque,
506 2993 589 3057 quae
616 2993 676 3038 nos
704 2972 739 3036 in
769 2972 908 3037 secundo
937 2971 984 3037 rei
1007 2971 1149 3037 rusticae
1172 2971 1336 3038 volumine
1359 2973 1438 3059 legi·

262 3101 349 3164 mus,
378 3077 503 3142 Plinius
527 3100 567 3141 ex
589 3079 696 3161 primo
725 3078 869 3161 priorum
891 3080 1135 3161 praeceptorum
1163 3077 1248 3143 libro
1272 3080 1438 3162 excerpsit.

263 3185 353 3261 Quae
375 3186 489 3268 postea
512 3184 550 3248 de
574 3184 679 3267 pomis
704 3183 820 3249 vilicae
847 3183 1028 3267 praecepit,
1056 3182 1144 3248 haud
1172 3183 1238 3248 scio
1267 3204 1310 3247 an
1336 3204 1438 3249 exea

261 3291 359 3376 primi
380 3290 483 3355 libelli
506 3293 615 3375 parte,
639 3289 690 3355 cui
712 3289 838 3373 primus
862 3289 995 3353 maioris
1020 3289 1126 3374 operis
1150 3288 1233 3354 liber
1255 3290 1437 3376 respondet,

265 3397 449 3483 sumpserit.
495 3396 604 3481 Atque
636 3396 743 3461 octavi
775 3395 918 3461 Pliniani
951 3395 1028 3460 libri
1059 3395 1149 3461 locus
1181 3396 1221 3460 ad
1255 3397 1436 3462 catulorum

262 3507 380 3572 caudas
404 3503 593 3570 castrandus
615 3501 781 3587 pertinens
805 3501 1004 3568 Columellae
1032 3525 1112 3589 opus
1135 3525 1200 3568 non
1224 3503 1304 3568 duos
1329 3504 1435 3570 solum

260 3614 362 3679 libros
400 3611 598 3677 continuisse
635 3596 892 3676 demonstrau²²⁸
945 3608 1085 3675 Abiecta
1122 3631 1199 3696 ergo
1236 3610 1435 3676 Pontederae

261 3721 444 3786 coniectura
465 3717 568 3800 priori
591 3739 718 3802 quoque
737 3717 827 3800 operi
855 3739 955 3781 unum
980 3716 1112 3781 minime
1136 3716 1255 3781 librum
1279 3716 1319 3779 ad
1342 3738 1435 3800 pecu·

260 3827 336 3891 dum
369 3844 480 3888 curam
512 3825 713 3906 spectantem
746 3823 932 3888 adiunctum
965 3822 1079 3905 fuisse,
1108 3823 1192 3886 teste
1223 3821 1330 3886 Plinio
1362 3844 1435 3889 con·

407 3951 431 3993 s.

263 3931 528 4101 cludlClbldundum
551 4034 659 4100 locum
683 4033 723 4099 do
743 4035 901 4100 Eumelo
926 4033 1130 4118 veterinario,
1153 4033 1192 4098 de
1216 4055 1279 4118 quo
1302 4031 1435 4118 Ihm,¹⁰⁷

257 4145 307 4210 vir
331 4143 458 4226 doctus,
485 4141 548 4206 hoc
575 4141 646 4224 ipso
671 4162 756 4205 anno
779 4141 859 4206 baec
888 4140 1030 4224 scripsit,
1057 4141 1138 4224 prol.
1162 4139 1237 4205 edit.
1261 4140 1439 4226 Pelagonii'

259 4274 332 4338 pag.
358 4251 391 4314 l:
422 4246 632 4332 ‘(Eumclcm)
652 4250 723 4329 post
746 4243 948 4312 Columellam
977 4245 1135 4328 arrepsisse
1165 4266 1203 4311 cc
1233 4245 1326 4332 llaec,
1358 4269 1433 4332 quoe

259 4359 382 4442 subicio,
406 4355 479 4420 locis
501 4355 582 4420 inter
603 4373 635 4420 se
659 4353 847 4436 marato
869 4352 1037 4435 belellepes:

347 4484 372 4529 r.
395 4483 422 4526 r.
450 4460 506 4526 VI.
527 4466 579 4546 36,
602 4466 638 4526 6:
661 4461 784 4528 Eumol.
805 4459 904 4544 Hlpp.
928 4464 976 4524 63.

1508 3354 1518 3388 l
