3470 5124
798 333 1017 398 ..42-

319 511 458 597 profecti
475 511 561 577 haud
581 512 657 595 scio,
680 534 730 595 an,
749 512 800 578 cui
816 510 996 578 Columella
1015 511 1135 577 indices
1155 513 1369 597 componendi
1388 517 1489 579 artem

320 619 481 704 debuerit,
513 619 755 704 perspiciamus.
800 618 913 704 Neque
946 620 1031 683 enim
1065 619 1189 703 primus
1221 619 1346 684 Plinius
1380 621 1491 686 orbem

321 725 485 791 doctrinae
509 725 705 810 composuit:
730 727 902 792 antecessit
925 747 998 791 eum
1022 725 1192 791 Cornelius
1217 723 1330 791 Celsus
1356 727 1490 811 encyclii

321 832 510 917 disciplinae
544 835 666 898 auctor.
719 830 815 898 Hunc
847 833 911 898 iam
943 832 1104 898 indicibus
1138 833 1255 898 additis
1287 855 1368 917 opus
1398 856 1490 898 suum

321 962 451 1005 ornasse
476 939 587 1004 dubito
611 963 652 1005 an
675 939 745 1005 iure
769 940 936 1005 coniciam.
973 939 1134 1020 Ceterum,
1157 962 1229 1006 cum
1253 941 1407 1024 perierint
1430 938 1490 1006 Co-

319 1048 468 1112 lumellae
483 1049 685 1132 argumenta,
703 1068 769 1112 non
783 1047 950 1132 habemus,
974 1046 1059 1132 quod
1078 1047 1117 1112 de
1136 1050 1253 1112 natura
1273 1069 1384 1113 eorum
1399 1048 1491 1131 plura

319 1155 608 1230 comminiscamur.
654 1153 713 1218 ‘At
743 1153 902 1219 mehercle
929 1175 1042 1219 caecus
1072 1175 1142 1219 esse
1171 1154 1305 1219 videris!
1349 1153 1491 1219 Exstant

320 1263 405 1326 enim
428 1262 582 1325 lemmata
600 1261 738 1346 singulis
757 1262 918 1345 capitibus
938 1260 1100 1347 ascripta?
1137 1259 1184 1325 At
1206 1262 1271 1326 iam
1290 1260 1490 1346 Morgagnus

320 1369 386 1432 ista
409 1367 637 1433 addidamenta
660 1390 725 1433 non
748 1369 788 1432 ad
811 1365 1042 1454 Columellam,
1071 1369 1127 1434 sed
1150 1368 1190 1432 ad
1213 1367 1364 1433 librarios
1388 1367 1491 1432 redire

320 1470 456 1539 vidit.¹⁸⁰
491 1473 592 1539 Fallit
615 1474 700 1539 enim
724 1477 756 1539 te
780 1476 987 1559 antiquorum
1010 1474 1113 1540 libros
1135 1497 1201 1540 non
1225 1475 1266 1540 ab
1289 1475 1370 1558 ipsis
1394 1473 1492 1556 scrip·

321 1582 446 1648 toribus
474 1604 532 1667 per
560 1582 667 1667 capita
695 1581 879 1668 distinctos,
911 1583 966 1647 sed
1000 1605 1019 1646 a
1051 1582 1167 1648 scribis
1199 1580 1433 1666 posterioribus
1456 1580 1490 1644 in

319 1689 427 1773 capita
450 1690 674 1772 sectionesque
693 1689 884 1754 dilaceratos
904 1711 983 1754 esse.
1019 1687 1051 1753 A
1070 1690 1186 1773 quihus
1206 1710 1303 1773 saepe
1322 1689 1392 1753 sine
1415 1709 1492 1753 cura

321 1800 354 1861 et
376 1796 512 1861 consilio
536 1796 707 1860 coniuncta
731 1817 799 1859 esse
823 1798 972 1879 separata
994 1794 1196 1880 Morgagnus
1219 1795 1298 1860 satis
1322 1796 1404 1859 hene
1427 1794 1491 1858 dis-

318 1904 454 1989 putavit.
501 1901 634 1966 Accedit
661 1902 798 1966 alterum
834 1905 1059 1986 argumentum
1094 1924 1113 1966 a
1145 1902 1222 1967 viris
1255 1901 1359 1966 doctis
1388 1901 1491 1965 adhuc

319 2010 519 2094 neglectum,
552 2009 637 2092 quod
666 2008 707 2072 ad
734 2031 802 2073 rem
827 2008 1066 2073 diiudicandam
1092 2009 1268 2074 maximum
1292 2011 1492 2073 momentum

319 2115 426 2181 affert:
458 2114 626 2180 Lemmata
659 2116 809 2180 omnibus
841 2115 993 2180 tredecim
1019 2115 1231 2199 Columellas,
1265 2117 1320 2200 qui
1353 2118 1491 2200 exstant,

321 2223 413 2288 libris
446 2222 588 2307 ascripta
619 2222 654 2286 in
687 2221 851 2288 codicibus
884 2224 1049 2309 leguntur,
1077 2219 1276 2289 Columellas
1300 2224 1492 2307 argumenta

318 2329 427 2394 decem
451 2332 579 2394 tantum
602 2329 702 2395 libros
727 2332 894 2414 complexa
918 2333 1004 2396 sunt.

803 2681 930 2768 Caput
953 2681 1012 2748 III.

408 2836 541 2899 Quibus
564 2851 608 2893 ex
630 2835 784 2892 fontibus
807 2835 996 2891 columella
1022 2835 1185 2902 hauserit,
1208 2835 1404 2906 inquiritur.

409 2985 608 3053 Columellas
636 2987 818 3053 doctrinam
842 3008 914 3051 cum
937 3009 999 3052 usu
1021 2987 1121 3072 longo
1144 2989 1214 3051 tum
1233 2988 1337 3053 multa
1355 2988 1493 3053 lectione

320 3098 425 3160 ortam
451 3116 529 3180 esse,
553 3094 698 3180 quisquis
722 3093 918 3160 rusticorum
941 3097 1187 3178 praeceptorum
1206 3093 1344 3179 paginas
1367 3116 1494 3179 percur-

318 3202 374 3286 rit,
407 3225 483 3267 mox
505 3200 669 3286 perspicit.
711 3200 818 3284 Atque
846 3222 919 3266 cum
948 3200 1102 3265 rusticam
1126 3200 1387 3265 exercitationem
1412 3200 1494 3265 unde

320 3309 440 3392 ceperit
462 3311 573 3373 noster
601 3307 708 3393 priore
738 3307 835 3371 huius
861 3305 1098 3372 dissertationis
1127 3309 1217 3371 tomo
1242 3306 1320 3370 satis
1345 3311 1493 3372 accurate

320 3414 591 3499 enarraverimus,
620 3436 706 3483 nunc
734 3435 892 3497 quosnam
919 3413 1021 3478 libros
1044 3413 1233 3498 perlegerit,
1267 3414 1494 3479 examinemus.

320 3521 475 3605 Magnam
490 3520 547 3585 rei
565 3522 737 3585 rusticae
753 3521 986 3606 scriptorum
1001 3519 1139 3584 seriem
1155 3519 1188 3584 in
1206 3519 1311 3604 primo
1326 3520 1409 3586 libro
1424 3520 1493 3606 ipse

321 3624 471 3694 affert.181
515 3625 629 3710 Neque
653 3648 728 3692 vero
754 3627 898 3691 omnium
923 3625 1078 3711 opuscula
1102 3647 1136 3690 se
1155 3625 1327 3711 diligenter
1350 3649 1493 3711 perscru-

319 3737 426 3800 tatum
450 3755 520 3799 esse
543 3733 709 3819 perhibet,
737 3733 825 3798 etin
849 3733 921 3818 ipsa
944 3733 991 3797 rei
1016 3731 1156 3797 rusticae
1183 3733 1379 3798 tractatione
1402 3735 1495 3800 affert

319 3842 457 3907 rusticae
481 3840 670 3923 disciplinae
693 3844 794 3907 testas
817 3840 889 3904 loco
913 3841 1013 3904 citato
1038 3861 1103 3904 non
1127 3836 1332 3905 laudatos¹⁸²
1373 3838 1494 3907 Contra

320 3949 481 4014 neminem
504 3948 539 4012 in
562 3947 608 4011 rei
631 3947 771 4012 rusticae
802 3946 1014 4031 scriptoribus
1038 3949 1201 4012 versatum
1228 3947 1386 4030 praeterit
1409 3947 1494 4032 apud

321 4055 498 4122 Varronem
522 4054 704 4119 enumerari
723 4053 857 4118 eandem
875 4053 960 4117 ferre
979 4051 1110 4117 testium
1131 4048 1352 4118 cohortem.¹⁸³
1389 4051 1494 4120 Varro

323 4163 409 4228 enim
435 4184 473 4226 ex
495 4161 678 4226 litterarum
703 4161 815 4227 ordine
839 4161 1011 4245 scriptores
1033 4159 1206 4244 enarravit,
1231 4156 1412 4225 Columella
1435 4164 1496 4226 ter-

322 4289 432 4332 rarum
456 4267 567 4332 ordine
591 4289 655 4348 eos,
679 4289 816 4352 quorum
839 4267 946 4351 patria
967 4270 1046 4332 nota
1064 4269 1143 4345 erat,
1167 4266 1369 4352 memoravit,
1391 4267 1496 4351 ignoti

322 4378 452 4440 tantum
476 4378 565 4439 ortus
589 4374 802 4457 scriptoribus
826 4375 1000 4458 pristinum
1024 4373 1171 4438 ordinem
1194 4372 1334 4456 reliquit.
1376 4371 1495 4440 Mirum

324 4480 485 4545 mehercle
509 4479 542 4544 in
576 4481 707 4545 modum
730 4479 910 4546 Columella
938 4478 1098 4545 studuisse
1128 4479 1253 4545 videtur
1281 4478 1496 4547 emendandae
