3470 5124
783 356 1001 422 ..14-

307 531 553 600 edicerenturl8
598 533 746 620 Collegia
768 535 966 622 Augustalia
992 558 1051 620 per
1074 537 1249 621 municipia
1273 536 1477 621 imperatoris

305 641 437 726 ingenio
479 638 657 725 sacrata,⁶9
698 641 906 706 celebrabant
937 641 1134 725 Augustalis
1172 665 1256 708 anno
1289 666 1316 708 a.
1349 642 1422 711 Chr.
1450 669 1482 710 n.

306 747 544 812 undevicesimo
565 771 592 812 a.
612 747 641 811 d.
659 746 718 814 IV.
735 746 782 811 Id.
802 745 872 813 Oct.
892 745 1089 813 institutal⁰
1130 749 1240 814 Alieni
1263 751 1305 815 ab
1328 751 1379 816 his
1406 756 1482 818 sunt

305 853 375 918 ludi
397 854 612 940 Augustales,
643 875 724 938 quos
749 876 768 918 a
791 853 922 920 Tiberio
950 858 1027 938 post
1056 859 1193 920 mortem
1217 856 1358 942 Augusti
1388 858 1482 924 fastis

307 961 436 1025 additos
455 965 587 1044 praetor
606 961 747 1026 urbanus
768 957 926 1026 edebat.⁷¹
963 959 1003 1025 In
1023 962 1159 1048 collegia
1174 963 1368 1048 Augustalis
1391 965 1484 1030 liber-

305 1068 367 1133 tini
389 1069 590 1154 legebantur.
637 1065 791 1153 Collegae
815 1068 1040 1133 decurionibus
1069 1071 1263 1136 auctoritate
1291 1092 1356 1136 uon
1380 1073 1481 1136 mullo

306 1175 475 1241 inferiores
495 1177 598 1240 erant.
634 1173 673 1239 In
688 1174 826 1260 collegio
846 1196 912 1240 non
932 1175 1028 1240 modo
1049 1175 1183 1259 singulis
1208 1176 1302 1242 annis
1324 1177 1481 1243 honorem

305 1285 454 1367 gerentes
488 1282 543 1366 sed
577 1280 675 1346 etiam
707 1303 839 1346 munere
871 1281 974 1347 functi
1002 1283 1200 1367 Augustales
1233 1287 1332 1349 erant.
1388 1283 1481 1350 Unde

248 1389 250 1392 ’
306 1389 456 1471 efficitur,
478 1392 516 1452 ut
537 1389 571 1452 in
597 1388 754 1472 sepulcris
774 1410 870 1473 saepe
884 1388 1141 1471 Augustalitatis
1165 1391 1286 1455 mentio
1310 1389 1376 1455 fiat.
1409 1388 1481 1457 Col·

306 1495 399 1581 legae
414 1517 545 1560 munere
564 1494 736 1578 fungentes
757 1499 790 1560 et
804 1495 999 1580 Augustalia
1018 1495 1053 1568 in
1074 1496 1258 1581 municipiis
1273 1497 1483 1563 celebrabant

305 1605 338 1666 et
362 1624 518 1666 summam
537 1601 748 1667 honorariam
769 1602 899 1667 dabant.
938 1600 1085 1684 Collegia
1103 1603 1136 1666 in
1152 1603 1290 1669 theatris
1304 1603 1480 1670 honoratas

305 1709 397 1774 sedes
424 1708 604 1794 habebant,
630 1708 747 1774 fundos
769 1705 1022 1792 possidebant,⁷²
1049 1710 1245 1776 auctoritate
1268 1710 1444 1795 pollebant.
1457 1707 1481 1746 ⁷³

394 1815 509 1881 Utrius
542 1815 774 1900 Augustalium
810 1815 932 1880 ordinis
970 1815 1211 1880 adulescentem
1250 1839 1269 1881 a
1302 1815 1481 1882 Columella

306 1926 521 1988 memoratum
537 1921 762 1988 censebimus?
803 1920 842 1985 Iu
857 1943 991 1986 numero
1011 1921 1225 1987 sacerdotium
1240 1922 1479 2008 Augustalium,

304 2031 421 2114 quippe
441 2030 531 2095 cuius
555 2029 683 2094 sodales
703 2050 776 2094 eum
799 2029 955 2113 perpauci
977 2028 1135 2112 primores
1156 2029 1297 2095 civitatis
1321 2033 1391 2094 tum
1415 2030 1479 2114 ipsi

303 2137 469 2221 principes
503 2137 582 2220 sint,
615 2157 728 2201 vereor
757 2157 798 2199 ne
832 2158 897 2202 non
929 2135 1096 2202 habendus
1128 2135 1179 2202 sit.
1224 2136 1278 2201 An
1308 2137 1479 2222 quisquam

303 2242 373 2307 fieri
402 2265 499 2328 posse
528 2230 646 2328 putet,
666 2246 703 2307 ut
736 2243 881 2330 agricola
913 2243 948 2307 in
976 2243 1145 2326 provincia
1168 2247 1258 2309 ortus
1283 2244 1479 2310 nobilissimi

304 2350 475 2416 sacerdotii
499 2350 642 2415 sodalem
667 2350 921 2415 familiarissime
946 2372 1037 2415 suum
1063 2347 1259 2434 appellettl4

394 2454 543 2522 Ceterum
568 2457 646 2521 talis
664 2456 763 2521 homo
782 2478 849 2520 non
871 2456 1002 2520 nomina
1024 2450 1191 2541 gentilicio
1215 2455 1271 2520 sed
1285 2457 1478 2542 cognomine

306 2568 449 2631 vocatur.
504 2563 593 2647 llrgo
634 2562 872 2628 illustrissimos
910 2562 1094 2626 sacerdotes
1126 2563 1323 2646 Augustales
1361 2564 1477 2630 missos

302 2670 460 2734 faciamus
485 2674 582 2752 atque
607 2669 745 2753 minore,
768 2672 805 2732 ut
827 2669 875 2732 ita
897 2668 1019 2752 dicam,
1042 2668 1284 2754 Augustalitate
1308 2668 1477 2736 Claudium

305 2777 545 2842 adulescentem
580 2776 764 2860 praeditum
800 2775 901 2840 fuisse
935 2778 1126 2842 statuamus.
1181 2777 1251 2842 Iam
1288 2777 1477 2843 deliberatio

304 2884 425 2968 optime
439 2883 593 2967 procedit.
625 2881 664 2947 In
678 2882 797 2947 finibus
813 2879 988 2965 Caeritum,
1008 2882 1065 2948 ubi
1080 2880 1293 2949 Columellam
1312 2884 1478 2950 habitasse

304 2990 433 3073 scimus,
457 2989 686 3076 Augustalium
711 2989 884 3076 collegium
908 2987 1008 3054 fuisse
1033 2986 1202 3056 constat.⁷²
1241 2988 1281 3055 In
1300 2990 1362 3065 hoc
1381 2992 1477 3057 colle-

303 3096 358 3182 gio
394 3094 594 3162 Columellae
632 3097 834 3181 temporibus
872 3094 1026 3162 Claudiae
1061 3096 1168 3182 gentis
1202 3096 1391 3162 libertinum
1428 3099 1477 3164 vel

304 3203 452 3269 libertini
474 3204 577 3269 filium
600 3203 700 3270 fuisse
720 3225 845 3270 censeo.
892 3202 956 3280 Qui
974 3207 1011 3267 ut
1034 3208 1103 3268 erat
1126 3205 1294 3289 municipii
1318 3209 1477 3270 mercator

303 3311 391 3376 dives
423 3315 480 3376 aut
510 3334 569 3377 sua
599 3316 714 3395 sponte
746 3316 803 3376 aut
832 3314 972 3395 patrono
1001 3316 1134 3376 curante
1158 3312 1372 3376 eruditionem
1397 3311 1476 3374 satis

302 3417 424 3483 bonam
449 3418 583 3502 adeptus
607 3419 851 3502 municipalium
874 3417 1084 3500 locupletium
1108 3439 1196 3481 more
1220 3417 1351 3481 hortum
1373 3418 1476 3499 possi·

303 3524 414 3610 debat,
445 3525 535 3589 cuius
566 3547 674 3589 curam
705 3528 743 3587 ut
772 3521 916 3608 pedestri
946 3544 1094 3587 sermone
1126 3524 1273 3587 accurate
1304 3525 1476 3608 enarraret,

303 3655 323 3696 a
346 3629 528 3697 Columella
550 3627 708 3715 petivit.75
753 3629 851 3694 Plura
875 3628 913 3692 de
937 3628 1072 3694 Claudio
1096 3629 1276 3694 coniectare
1299 3649 1365 3693 non
1388 3629 1474 3694 licet.

390 3737 479 3803 Haec
518 3736 647 3822 quidem
685 3759 724 3801 ex
759 3733 957 3801 Columellae
987 3734 1093 3801 verbis
1129 3736 1335 3820 colliguntur.
1377 3734 1475 3802 Acce-

301 3846 383 3911 dunt
415 3849 512 3910 notae
544 3843 767 3928 librariorum,
799 3865 882 3927 quae
911 3846 945 3907 et
975 3843 1116 3908 auctoris
1145 3847 1178 3907 et
1201 3844 1284 3928 eius,
1314 3841 1473 3928 atquem

301 3953 420 4018 librum
443 3953 482 4016 de
497 3951 667 4016 arboribus
692 3951 828 4015 missum
844 3971 913 4014 esse
933 3949 1123 4033 affirmatur,
1145 3950 1279 4015 nomina
1297 3952 1473 4016 continent.

302 4061 455 4128 Auctoris
478 4058 612 4125 nomina
634 4058 669 4122 in
692 4057 856 4122 codicibus
880 4057 1034 4142 leguntur
1043 4053 1082 4121 ⁷⁶:

391 4165 442 4232 ‘L.
466 4166 600 4231 Iunius
624 4165 847 4231 Moderatus
872 4162 1115 4229 Columella'

389 4273 529 4339 Habetis
565 4294 775 4358 praenomen,
815 4293 935 4338 nomen
972 4271 1107 4356 gentile,
1144 4270 1352 4354 cognomina:
1394 4270 1472 4336 civis

301 4380 441 4447 Romani
474 4380 735 4464 appellationem.
781 4379 979 4445 Praenomen
1010 4376 1102 4442 Lucii
1132 4377 1364 4462 antiquissimis
1395 4381 1474 4442 tem-

300 4489 435 4572 poribus
458 4487 670 4572 patriciorum
689 4487 857 4570 proprium
876 4487 939 4549 iam
960 4507 994 4548 re
1013 4484 1144 4568 publica
1161 4483 1264 4548 libera
1283 4506 1348 4548 non
1368 4483 1473 4550 solum
