3470 5124
266 563 329 620 nari
347 564 461 620 debent’
473 595 507 605 -
522 565 540 620 i.
560 581 584 620 e.
602 565 771 634 possessoris
790 565 902 637 signnm
920 564 1088 637 accipiunto.
1109 598 1141 606 -
1162 573 1176 634 5
1195 572 1237 622 17.
1258 567 1362 623 ‘Prata
1379 586 1443 638 pur·

267 670 335 722 gare
362 657 392 709 et
420 670 437 708 1
463 670 565 724 pecore
594 655 744 710 defendere
766 655 824 710 iam
846 654 1047 726 tempestivum
1067 656 1131 711 est'
1170 661 1248 722 §3³-
1269 655 1442 722 ‘Quinetiam

268 760 353 812 pecus
372 744 499 798 lanatum
515 745 663 814 ceteraque
674 744 867 816 quadrupedia
884 746 996 813 tempus
1014 745 1147 802 idoneum
1166 747 1209 799 est
1227 746 1388 803 castrandi!
1410 777 1442 788 —

269 831 408 886 Nimirum
423 834 547 888 castrata
561 833 755 903 quadrupedia
768 833 886 906 pinguia
899 833 976 889 lacta
990 836 1119 891 veneunt.
1148 840 1163 901 5
1178 840 1221 891 31.
1242 833 1326 890 ‘Oves
1340 835 1443 890 Taren-

268 920 345 975 tinae
364 919 459 976 radice
477 921 586 976 lanaria
603 919 694 976 lavari
712 923 825 992 debent,
844 925 876 977 ut
893 923 1024 978 tonsurae
1038 924 1260 992 praeparentur.’
1278 955 1311 964 —
1326 940 1360 978 ex
1378 924 1444 980 lana

269 1009 386 1064 detonsa
405 1010 524 1078 pecunia
542 1009 658 1078 paritur.
696 1016 768 1076 138.
790 1009 917 1066 ‘secundi
934 1011 1027 1066 foetus
1046 1011 1168 1081 pecudes
1187 1013 1293 1083 signari
1312 1013 1442 1082 oportet!

268 1103 284 1164 ς
302 1103 345 1154 44.
365 1097 555 1166 ‘Quibusdam
578 1098 739 1168 regionibns
763 1116 828 1155 oves
852 1117 926 1156 nunc
948 1101 1099 1156 tondentur
1126 1103 1157 1156 et
1178 1101 1288 1172 pecoris
1311 1101 1372 1156 nati
1394 1104 1445 1157 aut

269 1187 366 1241 omissi
383 1187 456 1242 ratio
475 1186 632 1256 accipitur.’
675 1193 748 1254 §48-
769 1189 854 1243 ‘Ante
874 1187 1026 1244 solstitium
1045 1189 1180 1258 pabulum
1201 1190 1236 1260 (si
1254 1189 1375 1246 facultas
1390 1193 1444 1261 est)

268 1276 315 1331 vel
333 1294 405 1332 nunc
422 1278 469 1332 vel
488 1277 574 1332 etiam
595 1277 784 1347 superioribus
799 1277 851 1332 XV
866 1277 973 1347 diebus,
992 1279 1042 1348 qui
1059 1278 1164 1333 fuerint
1183 1281 1249 1334 ante
1264 1278 1357 1336 Oalen.
1372 1280 1444 1334 lunii

267 1367 376 1440 peeori’
399 1398 430 1406 —
455 1365 484 1420 in
510 1366 629 1422 stabulis
652 1366 784 1421 nimirum
808 1366 985 1422 contenti-
1008 1367 1153 1436 ‘praeberi
1172 1371 1293 1438 oportet.
1330 1367 1444 1425 1011.

268 1457 365 1512 autem
383 1452 480 1523 laniis,
500 1455 525 1508 si
543 1455 601 1510 iam
619 1455 714 1511 deficit
732 1454 829 1510 viridis
849 1455 949 1522 herba,
974 1472 1061 1523 usque
1081 1456 1111 1510 in
1129 1456 1261 1512 ultimum
1279 1459 1444 1513 autumnum

268 1545 395 1599 frondem
414 1559 523 1598 caesam
541 1543 759 1613 praebebimus!
798 1550 813 1610 ς
832 1549 874 1600 50.
897 1543 962 1599 ‘Sed
979 1547 1008 1600 et
1026 1545 1127 1601 viciam
1147 1544 1176 1600 11
1196 1546 1332 1616 pabulum
1350 1563 1445 1602 secare

271 1635 396 1704 oportet,
422 1632 584 1702 priusquam
614 1631 733 1700 siliquae
762 1633 822 1688 eins
846 1633 998 1689 durentur!
1041 1637 1119 1698 §55-
1149 1632 1326 1689 ‘Meminisse
1349 1637 1445 1690 autem

271 1721 425 1792 oportebit,
448 1723 480 1776 ut
497 1736 549 1791 per
566 1722 617 1775 hos
636 1725 665 1776 et
683 1722 804 1791 Augusti
828 1721 931 1777 mensis
951 1721 1011 1776 dies
1029 1721 1204 1777 antelucanis
1230 1726 1258 1777 01
1275 1722 1444 1793 vespertinis

271 1811 444 1881 temporibus
466 1810 595 1865 frondem
618 1809 771 1881 pecudibus
794 1810 963 1866 caedamus!
1009 1815 1086 1878 171.
1115 1810 1315 1882 ‘farraginaria
1333 1828 1444 1882 quoque

270 1899 367 1970 pecori
376 1899 472 1954 futura
481 1915 531 1970 per
540 1899 663 1955 hiemem
671 1899 827 1970 praesidio;
842 1901 965 1969 itemque
980 1900 1119 1971 siliquam,
1134 1901 1209 1970 quod
1223 1900 1323 1956 rustici
1331 1902 1445 1957 foenum

271 1987 407 2045 Graecum
425 1992 540 2058 vocant,
563 2007 615 2044 nec
633 1989 725 2043 minus
744 1989 773 2044 in
791 1989 926 2060 pabulum
944 1990 1019 2044 vicia
1041 2008 1115 2046 nunc
1134 1989 1247 2045 demum
1265 1991 1442 2049 conseritur!

361 2101 413 2151 171
432 2095 467 2151 cf.
486 2115 507 2150 r.
526 2115 548 2153 r.
567 2095 614 2151 XI.
634 2102 663 2165 3,
687 2102 734 2150 131
760 2097 778 2150 ‘.
799 2138 806 2152 .
826 2139 832 2151 .
856 2097 931 2165 apud
949 2096 1107 2166 Aegyptiae
1131 2097 1224 2166 gentis
1249 2097 1348 2152 Bolum
1366 2097 1444 2152 Men-

275 2183 384 2239 desium
402 2183 541 2253 legimus!

362 2278 414 2328 171
432 2272 467 2329 cf.
486 2291 508 2326 r.
526 2290 548 2328 r.
567 2272 628 2328 XII.
648 2278 672 2341 4,
692 2277 722 2327 11
743 2273 820 2328 ‘nam
838 2276 868 2329 et
885 2275 970 2344 Mago
986 2273 1227 2345 Carthaginiensis
1246 2277 1275 2330 et
1292 2273 1446 2342 Hamilcar,

272 2379 341 2431 quos
366 2361 454 2417 secuti
476 2361 609 2417 sidentur
632 2363 758 2416 Graecae
785 2362 878 2432 gentis
906 2380 962 2418 non
989 2363 1101 2418 obscuri
1129 2363 1291 2433 scriptores,
1314 2362 1445 2418 Mnaseas

237 2481 238 2484 =
271 2455 357 2520 atque
375 2452 527 2520 Paxamus,
552 2453 613 2505 tum
636 2450 748 2505 demum
771 2450 860 2506 nostri
882 2451 1005 2521 generis,
1034 2452 1186 2520 postquam
1214 2449 1337 2506 abellis
1356 2448 1445 2505 otium

270 2541 334 2606 tuit,
353 2539 434 2609 quasi
444 2539 585 2609 quoddam
603 2539 740 2595 tributum
756 2541 842 2596 victui
857 2541 979 2596 humano
994 2541 1119 2597 conferre
1134 2538 1281 2611 dedignati
1299 2557 1354 2595 non
1372 2543 1445 2610 sunt,

271 2631 304 2685 ut
322 2631 359 2685 M.
380 2628 525 2684 Ambivins
544 2631 574 2684 et
590 2629 706 2684 Maenas
725 2629 862 2699 Licinius,
890 2634 951 2686 tum
970 2630 1056 2686 etiam
1076 2628 1105 2686 O.
1124 2629 1238 2699 Matius,
1267 2629 1445 2698 (1111111111-

272 2719 349 2773 dium
367 2719 422 2773 fuit
440 2717 554 2788 pistoris
573 2722 601 2773 et
619 2717 688 2787 0001,
706 2735 758 2774 100
776 2719 867 2775 minus
888 2719 996 2776 cellarii
1014 2719 1192 2790 diligentiam
1211 2718 1268 2775 suis
1286 2718 1445 2789 praeceptis

272 2808 439 2864 instituere'
564 2797 566 2804 ¹

361 2889 860 2966 17601.“Βο1110111111111.1.11.47.
904 2897 1003 2965 Neque
1029 2914 1097 2953 vero
1125 2897 1186 2953 viro
1212 2897 1296 2952 docto
1323 2897 1445 2953 concedo

272 2985 457 3041 Columellam
470 2985 564 3055 ipsum
577 2986 607 3040 in
621 2985 736 3042 Baetica
751 2985 889 3056 Hispania
903 2989 995 3058 ortum
1010 2985 1072 3042 Beli
1086 2987 1262 3041 laudatorem
1276 2983 1444 3041 Hamilcaris

272 3075 377 3144 scripta
394 3091 452 3128 non
470 3074 580 3144 legisse.

363 3185 413 3236 177
432 3199 455 3236 1.
473 3199 496 3235 1.
515 3179 576 3236 XII.
594 3180 682 3250 praef.
703 3186 732 3236 11
752 3179 921 3251 ‘Xenophon
940 3179 1120 3236 Atheniensis
1139 3197 1172 3235 eo
1191 3181 1272 3251 libro,
1290 3179 1374 3237 Publi
1392 3179 1445 3234 Sil·

273 3269 346 3338 vine,
366 3268 416 3339 qui
430 3268 632 3324 Oeconomicus
650 3269 820 3339 inscribitur,
838 3268 965 3340 prodidit
984 3310 990 3324 .
1011 3311 1017 3325 .
1039 3311 1044 3325 .
1064 3271 1139 3340 quod
1157 3270 1214 3324 iam
1232 3271 1340 3340 pridem
1358 3268 1445 3324 etiam

274 3358 371 3414 Oicero
390 3357 432 3412 ait
451 3400 457 3414 .
477 3399 484 3413 .
503 3357 522 3412 .'

361 3467 383 3502 r.
398 3467 420 3503 r.
434 3447 495 3502 XM.
509 3446 596 3518 praef.
613 3451 640 3502 71
662 3447 794 3502 ‘Haecin
808 3447 994 3504 Oeconomico
1009 3448 1164 3518 Xenophon
1180 3450 1210 3503 et
1224 3446 1325 3503 deinde
1339 3445 1445 3516 Oicero,

272 3538 321 3606 qui
339 3554 403 3592 eum
421 3535 541 3591 Latinae
560 3537 755 3592 consuetudini
773 3535 904 3605 tradidit,
924 3554 981 3593 non
998 3536 1138 3594 inutiliter
1157 3537 1366 3593 disseruenmtss

361 3645 383 3681 r.
402 3645 423 3682 r.
442 3625 503 3681 XII.
522 3632 546 3694 2,
567 3632 595 3681 61
620 3625 670 3682 ‘de
689 3626 791 3696 quibus
814 3625 942 3682 omnibus
960 3628 997 3682 M.
1018 3627 1115 3683 Oicero
1139 3627 1336 3683 auctoritatem
1354 3625 1446 3680 Xeno·

274 3715 389 3785 phontis
409 3719 520 3769 secutus
538 3715 568 3768 in
587 3713 773 3770 Oeconomico
793 3713 833 3769 sic
852 3757 858 3768 .
879 3758 885 3771 .
906 3714 924 3770 .'

363 3825 415 3875 178
434 3820 540 3875 Vilicus
557 3820 673 3890 praedio
697 3820 919 3875 administrando
942 3821 1120 3890 praepositus
1148 3819 1240 3875 indice
1267 3837 1345 3886 usus,
1374 3835 1446 3888 quae

275 3909 379 3966 discere
397 3907 519 3975 volebat,
538 3907 567 3962 in
587 3909 683 3962 decem
701 3906 838 3963 librorum
853 3925 967 3978 corpore
987 3907 1145 3964 evolvebat.
1173 3907 1267 3962 Vilica
1285 3908 1445 3962 domesticis

274 3997 349 4054 01111
366 3997 529 4068 praeposita
551 4012 641 4064 neque
665 3996 777 4065 habuit,
804 4013 853 4051 cur
870 3999 1024 4067 praecepta
1046 3998 1075 4051 in
1099 4013 1200 4066 corpus
1219 3995 1338 4051 collecta
1360 3994 1448 4066 inspi-

274 4089 352 4144 ceret
368 4103 460 4156 neque
479 4084 606 4154 omnino,
626 4087 657 4140 ut
675 4087 737 4141 erat
755 4084 857 4140 mulier
874 4103 966 4155 serva,
985 4087 1021 4140 ad
1039 4085 1219 4154 quaestiones
1237 4084 1446 4155 perspiciendas

275 4177 343 4234 satis
362 4178 447 4232 docta
464 4177 533 4231 erat.

365 4271 416 4321 179
435 4264 471 4320 cf.
491 4264 562 4319 Gell.
581 4263 669 4333 praef.
688 4269 730 4321 11.

365 4360 416 4408 160
434 4354 469 4408 ci.
492 4354 518 4410 J.
537 4355 568 4409 Β.
591 4353 740 4424 Morgagni
769 4351 850 4423 epist
874 4353 895 4407 Ι.
921 4351 958 4406 ad
985 4352 1116 4407 Iacobum
1144 4349 1335 4406 Facciolatum
1363 4356 1445 4419 §633

274 4463 301 4501 1.
320 4444 452 4499 Gessner:
472 4442 528 4498 Scr.
547 4460 569 4498 r.
589 4462 610 4497 r.
629 4433 784 4511 1114111.

365 4538 416 4587 181
436 4531 470 4588 cf.
489 4549 504 4585 r
521 4549 542 4587 r.
562 4532 582 4588 l.
602 4536 627 4600 1,
647 4535 747 4588 7-111
768 4529 884 4600 ‘Magna
899 4546 983 4602 porro
1002 4531 1031 4585 et
1048 4529 1218 4586 Graecorum
1235 4528 1321 4585 turba
1339 4529 1393 4597 011,
1412 4528 1446 4582 de
