3470 5124
788 315 1009 381 ,4ο-

315 499 467 564 decennio
492 516 666 582 aggressus
690 498 748 559 est.
793 491 909 559 Silvini
936 491 1152 576 expectationi
1180 513 1243 577 quo
1271 491 1368 558 citius
1393 490 1485 556 satis-

314 604 450 690 faceret,
481 603 628 688 singulos
651 600 751 666 libros
776 601 805 665 ei
829 599 933 684 misit,
964 621 1037 665 cum
1064 602 1170 664 totum
1194 620 1276 684 opus
1304 619 1370 664 uon
1392 598 1486 664 unius

315 712 392 778 anni
415 711 524 796 spatio
548 709 603 774 sed
626 709 724 790 longo
752 710 897 791 tempore
925 705 1107 772 confectum
1135 705 1175 771 iri
1204 705 1313 771 animo
1336 727 1485 792 praesen·

316 814 447 884 tirot.¹⁷⁰
494 816 599 902 Atque
633 837 704 880 cum
738 812 940 879 surculorum
972 813 1145 896 praecepte
1171 812 1311 878 maxime
1339 813 1486 899 augenda

316 946 386 991 esse
409 923 545 1008 uideret,
572 925 639 986 tres
666 921 768 986 libros
796 919 843 985 eis
870 919 1046 985 destinavit
1073 919 1134 998 ita,
1161 922 1199 983 ut
1222 919 1337 984 vitium
1360 918 1487 985 cultura

317 1032 503 1096 dextantem
526 1029 679 1114 expleret,
703 1031 848 1093 cetorum
868 1027 1069 1092 surculorum
1088 1047 1165 1090 cura
1187 1028 1280 1091 sexta
1298 1029 1391 1110 parte
1414 1047 1487 1091 eou-

315 1133 526 1202 tineretur.¹'¹
561 1133 599 1200 In
623 1134 696 1218 ipso
715 1155 811 1218 opere
835 1132 1031 1200 conficiendo
1055 1135 1092 1198 ut
1115 1133 1316 1218 propositam
1340 1131 1487 1216 partitio·

316 1266 390 1309 nem
405 1245 533 1310 secutus
554 1241 728 1326 pristinum
747 1239 891 1305 ordinem
910 1241 1155 1324 praeceptorum
1174 1260 1239 1304 non
1260 1239 1360 1304 semel
1380 1238 1486 1324 soluit,

317 1351 365 1415 ita
392 1349 443 1414 vel
477 1370 535 1414 sue
563 1350 679 1432 sponte
711 1347 762 1412 vel
791 1347 895 1412 amieo
923 1350 1054 1413 auctore
1082 1369 1101 1411 a
1128 1345 1296 1431 proposito
1324 1345 1486 1431 digressus

319 1451 423 1521 est¹⁷²
467 1453 572 1520 Immo
605 1475 680 1519 vero
708 1457 879 1538 tantopere
912 1454 1024 1520 amieis
1056 1453 1152 1536 favit,
1181 1455 1218 1516 ut
1250 1474 1360 1518 eorum
1394 1473 1489 1518 causa

318 1583 419 1649 genus
444 1559 599 1628 orationis
629 1562 778 1628 mutaret.
824 1560 968 1626 Primum
993 1559 1136 1625 enimin
1166 1559 1275 1625 animo
1299 1558 1427 1643 habuit,
1453 1562 1489 1623 ut

318 1667 433 1734 ultimo
462 1665 569 1751 operis
596 1666 682 1732 libro
713 1689 730 1732 a
754 1666 900 1753 priorum
929 1666 1122 1751 scriptorum
1152 1665 1298 1752 vestigiis
1326 1666 1488 1751 digressus

318 1776 405 1841 horti
438 1774 596 1840 culturam
628 1795 648 1837 e
674 1773 803 1838 rusticis
836 1773 1048 1858 scriptoribus
1075 1773 1259 1859 neglectam
1287 1772 1491 1838 describeret.

318 1881 402 1946 Tum
426 1901 501 1946 vero
525 1877 651 1946 Silvino
675 1882 708 1943 et
727 1879 875 1945 Gallione
899 1879 1087 1946 auctoribus
1106 1878 1289 1966 Vergilium
1311 1881 1489 1945 aemulatus

318 1989 407 2053 horti
430 1991 602 2070 praecepta
625 1987 771 2052 versibus
796 1983 998 2053 mandauit54

407 2092 567 2159 Exactum
588 2114 664 2179 ergo
688 2097 758 2158 erat
777 2093 903 2158 decem
921 2094 1080 2159 librorum
1099 2116 1180 2179 opus
1199 2094 1341 2159 carmine
1360 2115 1492 2160 corona·

319 2206 399 2266 tum.
426 2199 581 2266 ‘Decem‘l
606 2199 649 2266 At
668 2203 763 2266 antea
773 2198 993 2266 Columellam
1012 2200 1211 2266 duodecim
1229 2201 1386 2267 librorum
1410 2223 1490 2286 opus

320 2309 538 2392 composuisse
570 2307 749 2373 hariolatus
783 2307 847 2373 esl'
894 2310 939 2373 At
965 2330 1075 2374 verum
1104 2307 1185 2373 dixit
1230 2307 1300 2384 Qua
1328 2309 1366 2373 de
1395 2331 1492 2375 causa

319 2415 399 2480 duos
423 2414 525 2479 libros
548 2417 660 2479 noster
683 2414 852 2499 addiderit,
874 2416 948 2499 iam,
972 2416 1000 2480 si
1023 2415 1139 2500 placet,
1160 2415 1336 2481 videamus.

408 2519 506 2585 Horti
531 2541 640 2585 curam
664 2519 845 2586 Columella
873 2521 994 2586 invitus
1023 2521 1057 2585 in
1081 2542 1212 2586 carmen
1240 2521 1392 2608 contulit,
1419 2545 1491 2589 cunr

324 2649 396 2693 eum
421 2649 455 2692 se
486 2648 553 2691 non
583 2649 652 2691 esse
683 2627 764 2692 bene
787 2627 1007 2712 intellegeret,
1034 2627 1089 2713 qui
1119 2629 1320 2714 elegantibus
1343 2631 1491 2696 versibus

320 2737 491 2819 praecepta
514 2733 635 2799 rustica
663 2733 814 2799 traderet.
859 2732 972 2818 Neque
999 2734 1033 2798 in
1061 2735 1184 2801 melam
1213 2744 1340 2820 partem
1369 2741 1493 2822 accepit

321 2861 432 2926 preces
456 2838 583 2910 Claudii
606 2839 810 2925 Augustalis,
833 2841 889 2927 qui
912 2841 952 2907 ab
976 2842 1047 2926 ipso
1071 2842 1200 2927 petivit,
1229 2846 1266 2908 ut
1288 2844 1395 2910 cultus
1418 2844 1491 2910 hor-

321 2953 429 3014 torum
452 2969 550 3030 prosa
573 2947 718 3012 oratione
741 2951 956 3033 componeret.
1001 2948 1110 3033 Atque
1138 2953 1176 3014 ut
1204 2971 1332 3015 carmen
1360 2951 1492 3017 didacti-

323 3076 395 3121 cum
418 3054 620 3137 propositum
643 3076 709 3120 uon
733 3058 917 3121 assecutum
940 3059 999 3140 est,
1023 3056 1070 3120 ita
1094 3058 1199 3121 totum
1223 3055 1333 3122 decem
1357 3057 1492 3124 volumi·

322 3184 400 3227 num
425 3182 541 3246 corpus
565 3162 716 3247 agricolis
740 3183 805 3227 non
828 3163 907 3228 utile
930 3163 1001 3228 fuit.
1048 3161 1227 3228 Vilicorum
1251 3163 1494 3251 vilicarumque,

323 3269 439 3354 quibus
471 3272 542 3333 tum
574 3268 716 3334 Romani
747 3269 874 3335 nobiles
907 3270 1038 3353 plurimi
1071 3269 1187 3335 fundos
1221 3271 1493 3338 administrandus

322 3375 564 3460 relinquebant,
595 3398 614 3440 a
644 3376 829 3462 cognitione
861 3376 966 3441 omnis
998 3376 1065 3441 fere
1097 3377 1252 3443 tractatio
1280 3380 1392 3464 procul
1416 3384 1494 3446 erat.

325 3480 413 3558 Quae
438 3480 595 3545 desideria
623 3486 659 3547 ut
682 3483 838 3567 expleret,
869 3479 1051 3548 Columella
1081 3483 1143 3548 duo
1174 3484 1338 3551 volumina
1367 3488 1495 3572 corpori

325 3588 446 3653 rustico
471 3586 616 3652 addenda
639 3608 708 3651 esse
732 3587 866 3652 censuit.
889 3588 1019 3653 Altero
1037 3589 1125 3654 vilici
1148 3589 1221 3654 usui
1245 3589 1406 3657 destinato
1429 3595 1495 3678 pri-

325 3717 414 3760 mum
437 3693 515 3759 boui
538 3693 627 3759 vilici
649 3693 816 3760 notionem
840 3698 873 3760 et
897 3694 1034 3761 formam
1058 3695 1243 3782 descripsit,
1266 3697 1389 3777 deinde,
1413 3722 1495 3785 quae

325 3801 460 3886 siugulis
485 3800 739 3866 semimenstruis
763 3801 856 3867 vilico
880 3802 1027 3868 facienda
1054 3807 1174 3888 essent,
1202 3825 1240 3868 ex
1264 3803 1372 3870 decem
1395 3805 1495 3873 libro·

325 3932 396 3975 rum
420 3930 554 3993 corpore
577 3905 791 3992 eucerpsit,¹⁷³
817 3912 888 3974 tum
912 3908 1040 3975 Claudii
1062 3909 1255 3996 Augustalis
1279 3914 1386 3996 gratia
1409 3913 1496 3980 horti

325 4017 485 4082 culturam
509 4016 616 4081 soluta
640 4016 787 4081 oratione
809 4016 975 4082 tractavit.
1022 4016 1106 4082 Rudi
1128 4017 1368 4103 intelligentiae
1391 4021 1495 4087 multo

326 4125 423 4189 etiam
439 4122 679 4188 accomodatior
702 4125 752 4187 est
769 4121 852 4187 liber
875 4122 1081 4189 duodecimus
1102 4123 1135 4187 in
1150 4122 1264 4189 vilicae
1279 4146 1374 4189 usum
1398 4129 1496 4214 scrip·

326 4235 388 4294 tus.
433 4226 565 4293 Etenim
594 4251 667 4294 cum
699 4231 733 4294 in
765 4229 926 4294 undecimi
958 4232 1063 4315 capite
1091 4231 1229 4296 seeundo
1260 4230 1417 4297 librorum
1442 4235 1496 4299 ad·

327 4357 438 4401 versus
461 4334 644 4420 astrologos
669 4335 919 4419 compositorum
943 4337 1065 4402 mentio
1087 4337 1323 4420 proferaturet
1345 4338 1496 4408 intortio
1626 4361 1631 4370 ·

327 4442 434 4527 eapite
458 4440 531 4506 Boli
555 4440 710 4506 Mendesii
729 4442 887 4528 Aegyptii
908 4443 1131 4508 testimonium
1156 4443 1397 4530 adhibeatur,¹⁷⁴
1420 4446 1495 4514 duo·
