3470 5124
777 315 995 379 -12-

300 493 467 578 usitatum,
489 493 523 557 in
543 489 737 578 Hispania⁴⁹
760 513 939 577 cognomen
960 492 1085 559 Silvani
1104 494 1218 559 tritum
1238 493 1338 560 fuisse
1357 494 1472 560 docent

299 600 396 665 tituli.
434 599 576 666 Silvinus
595 600 629 664 in
649 599 813 666 Caeritum
832 600 951 665 finibus
976 621 1072 685 agros
1096 599 1247 685 possedit,
1272 599 1471 667 columellae

299 707 431 790 praedio
455 703 622 774 vicinos.⁵⁰
666 705 710 771 M.
735 705 948 772 Columellam
974 705 1173 772 Gaditanum
1200 707 1270 790 ipse
1292 729 1358 774 non
1382 709 1471 794 vidit,

300 835 399 898 quare
433 815 572 898 scriptor
610 817 763 898 patruum
801 813 904 879 amico
938 814 1158 898 compluribus
1196 814 1276 880 locis
1310 814 1471 881 describit.

300 919 451 1006 Sequitur
476 918 635 986 Silvinum
659 943 726 986 non
750 921 918 1004 scriptoris
937 918 1092 986 Gaditani
1114 922 1305 1006 popularem
1330 944 1349 986 a
1371 943 1470 1006 puero

298 1029 333 1092 in
355 1027 610 1093 familiaritatem
635 1027 702 1092 sius
726 1030 890 1111 receptum
915 1049 994 1112 esse,
1017 1028 1074 1093 sed
1097 1028 1131 1092 in
1148 1027 1245 1094 Italia
1264 1029 1314 1093 vel
1337 1029 1371 1093 in
1389 1029 1470 1114 ipsis

300 1133 465 1200 Caeritum
479 1135 597 1200 finibus
617 1134 760 1199 amicitia
784 1156 856 1199 eum
880 1135 1067 1219 contingere
1092 1135 1245 1218 coepisse.
1282 1136 1356 1220 Ipse
1379 1158 1469 1220 prae·

300 1241 387 1306 dium
421 1242 628 1306 administrat
637 1237 663 1278 ⁵1
698 1245 793 1324 atque
830 1240 945 1305 vitium
974 1242 1119 1306 culturas
1149 1243 1287 1307 maxime
1318 1243 1434 1309 studet.
1445 1240 1470 1280 ⁵⁰

301 1348 382 1415 Cum
406 1349 649 1433 agricolationis
678 1347 831 1413 studiosis
856 1346 1055 1414 Columellas
1084 1350 1238 1432 opuscula
1265 1351 1346 1434 legit
1373 1354 1470 1434 atque

299 1453 475 1520 discutit.52
520 1454 673 1519 Eiusdem
702 1455 898 1520 auctoritate
925 1458 1132 1538 permovetur
1162 1457 1314 1541 scriptor,
1344 1460 1470 1523 utnon

299 1562 395 1628 modo
411 1563 517 1646 operis
533 1561 779 1645 dispositionem
799 1558 945 1645 mutet,⁵³
968 1563 1024 1626 ssd
1043 1563 1141 1628 etiam
1161 1584 1273 1628 versus
1291 1563 1397 1630 facere
1416 1586 1469 1628 au·

299 1664 418 1734 dest.54
453 1668 513 1733 Rei
537 1668 678 1733 rusticae
702 1668 897 1752 scriptorum
911 1690 976 1732 non
999 1669 1168 1752 imperitus
1188 1670 1243 1735 ille
1258 1668 1315 1736 Cn.
1330 1670 1471 1736 Tremel·

296 1776 375 1840 lium
409 1775 556 1841 Scrofam
585 1775 726 1859 plurimo
758 1776 919 1840 aestimat.
928 1772 953 1812 ⁵⁵
998 1774 1074 1840 Non
1101 1774 1222 1840 frustra
1247 1799 1266 1840 a
1289 1775 1470 1842 Columella

297 1885 472 1967 praccepta
495 1882 676 1967 gromatica
698 1878 826 1965 petit⁵⁶
872 1880 1036 1965 Scriptore
1064 1902 1129 1946 non
1160 1881 1263 1947 amico
1294 1886 1491 1948 coaetaneo

298 1989 354 2054 sed
386 1989 545 2074 magistro
577 1989 732 2053 benevolo
765 1985 911 2053 utitur.⁵⁷
963 1986 1032 2052 Nec
1065 2010 1143 2052 num
1178 1987 1308 2072 publico
1338 2011 1469 2055 munere

296 2095 425 2160 functus
457 2096 499 2160 sit
533 2117 593 2160 nec
625 2117 703 2160 num
738 2095 958 2179 praeceptoris
995 2095 1176 2178 exemplum
1208 2099 1335 2161 secutus
1367 2096 1405 2161 de
1434 2117 1469 2161 re

296 2203 419 2267 rustica
451 2202 629 2286 scripserit,
667 2225 706 2266 ex
738 2201 818 2267 locis
849 2201 988 2266 laudatis
1019 2205 1078 2286 pat
1099 2203 1122 2266 t.
1183 2200 1289 2268 Ceteri
1320 2207 1352 2268 st
1381 2203 1468 2268 illius

297 2310 414 2375 aetatis
437 2312 470 2374 et
492 2310 709 2392 posteriorum
734 2312 917 2393 temporum
941 2308 1114 2394 scriptores
1139 2309 1177 2374 de
1202 2308 1325 2374 Silvino
1342 2307 1469 2375 Caerite

297 2438 338 2481 ne
360 2416 496 2482 verbum
520 2416 647 2500 quidem
671 2416 802 2480 faciunt.

387 2519 510 2588 Silvino
531 2525 563 2585 et
578 2520 759 2588 Gallione
778 2522 916 2607 quodam
937 2521 1123 2586 auctoribus
1143 2543 1177 2586 se
1196 2521 1235 2586 de
1254 2523 1342 2588 cultu
1360 2522 1470 2588 horto-

296 2651 368 2694 rum
383 2650 509 2694 carmen
524 2628 705 2692 instituisse
720 2625 899 2693 Columella
923 2627 1074 2713 affirmat,
1096 2651 1120 2694 r.
1139 2651 1164 2692 r.
1184 2627 1232 2694 IX
1248 2631 1299 2710 16,
1322 2631 1357 2694 2:
1381 2629 1470 2713 ‘quac

295 2737 416 2819 relique
438 2735 526 2801 uobis
549 2735 736 2800 rusticorum
758 2755 862 2800 rerum
878 2755 958 2819 pers
980 2740 1124 2818 superest,
1146 2736 1183 2800 de
1196 2737 1280 2801 cultu
1301 2735 1469 2817 hortorum,

298 2844 394 2910 Publi
418 2841 548 2928 Silvine,
575 2843 714 2924 deinceps
732 2843 787 2927 itu,
810 2848 846 2908 ut
867 2847 896 2908 et
918 2842 973 2907 tibi
994 2847 1024 2907 et
1048 2840 1190 2908 Gallioni
1212 2846 1315 2908 nostro
1338 2845 1467 2926 complu·

296 2956 408 3029 coeat,
430 2951 466 3016 e'rr
489 2969 612 3014 carmen
634 2949 841 3031 conferemus?
887 2948 925 3013 In
948 2949 1072 3015 decimo
1096 2970 1171 3014 vero
1200 2948 1284 3014 libro
1309 2949 1470 3016 Gallionis

298 3080 363 3123 non
387 3057 424 3121 fit
442 3057 572 3122 mentio.
610 3053 810 3134 Columellas
830 3060 936 3121 aetate
960 3056 1041 3122 duos
1061 3055 1227 3121 Gallionss
1251 3079 1317 3121 non
1340 3057 1470 3142 ignotos

297 3165 414 3230 vixisse
439 3164 575 3247 scimus,
603 3163 785 3229 Gallionem
810 3160 950 3228 Senecas
977 3162 1111 3228 fratrem
1141 3167 1174 3228 et
1197 3163 1253 3247 qui
1276 3185 1350 3228 eum
1373 3164 1470 3248 adop-

297 3273 396 3357 tavit,
424 3270 459 3337 L.
483 3270 613 3336 Iunium
637 3269 820 3336 Gallionem
851 3270 1024 3335 rhetorem.
1078 3270 1139 3336 Hic
1170 3269 1310 3335 Senecae
1340 3268 1470 3334 maioris

298 3381 331 3442 et
363 3375 472 3442 Ovidii
501 3376 673 3442 familiaris
706 3377 777 3442 fuit.
833 3376 1095 3441 Declamationes
1128 3376 1168 3439 ab
1203 3397 1240 3440 eo
1274 3376 1470 3458 compositas

299 3482 421 3548 Seneca
443 3485 536 3568 pater
560 3505 657 3567 saepe
681 3480 833 3548 laudat.⁶8
874 3481 960 3546 Num
981 3481 1066 3546 circa
1089 3501 1209 3545 annum
1232 3504 1262 3564 p.
1282 3479 1355 3546 Chr.
1374 3503 1405 3544 n.
1420 3479 1471 3544 65.

298 3590 389 3655 vivus
406 3589 505 3654 fuerit
519 3589 800 3654 vehementissime
824 3588 947 3653 dubito.
985 3585 1108 3652 Contra
1123 3585 1262 3651 Senecae
1285 3585 1472 3670 philosophi

298 3699 433 3762 fratrem
461 3695 618 3761 maiorem
647 3717 718 3760 cum
748 3691 931 3760 Columella
956 3693 1100 3759 amicitia
1130 3693 1336 3759 coniunctum
1363 3692 1472 3778 fuisse,

299 3804 377 3888 quin
400 3824 596 3886 censeamus,
620 3801 696 3887 quid
718 3801 876 3885 impedit?
921 3800 1026 3866 Immo
1054 3822 1130 3865 vero
1155 3800 1263 3864 omnia
1290 3800 1372 3865 bene
1396 3822 1472 3884 qua-

299 3911 391 3974 drare
409 3908 497 3974 haud
519 3908 616 3973 facile
635 3908 807 3992 quisquam
832 3910 938 3992 neget.
980 3904 1136 3972 Senecam
1156 3905 1318 3973 Gallionis
1337 3906 1472 3972 fratrem

298 4015 540 4082 Nomentanum
571 4014 754 4099 possedisse
788 4012 968 4080 Columella
1000 4010 1185 4080 testatur.⁵⁹
1240 4013 1309 4079 Nec
1341 4034 1407 4078 non
1439 4013 1472 4077 in

247 4187 251 4196 ,
299 4143 379 4208 egro
399 4122 528 4189 Albano
551 4122 718 4206 praedium
749 4121 811 4187 sibi
839 4142 909 4186 esse
938 4122 1041 4186 altera
1068 4143 1108 4186 ex
1136 4121 1229 4205 parts
1258 4141 1277 4183 a
1302 4118 1396 4184 vilico
1420 4119 1473 4184 ad-

300 4229 522 4294 ministratum
550 4230 652 4295 altera
675 4250 712 4294 ex
735 4231 828 4312 parte
856 4229 972 4294 colono
1001 4229 1143 4292 locatum
1166 4225 1379 4310 philosophus
1403 4226 1472 4310 ipse

300 4333 501 4402 memorat.⁶⁰
551 4334 618 4401 Ubi
651 4337 822 4420 quominus
858 4358 930 4400 eum
960 4331 1160 4400 Columellas
1199 4332 1341 4398 vicinum
1372 4333 1471 4397 fuisse

239 4455 240 4458 ’
301 4444 480 4524 credamus,
501 4443 584 4507 nihil
608 4442 725 4509 obstat
738 4441 762 4480 ¹⁸
808 4443 891 4508 Tum
914 4440 1085 4506 Ardeatini
1113 4440 1183 4524 agri
1207 4437 1327 4504 Seneca
1350 4439 1383 4503 in
1408 4440 1472 4522 epi·
