3470 5124
731 375 951 442 -43-

253 556 447 642 scriptorum
480 555 574 621 seriei
606 577 801 641 quamquam
830 557 899 640 ipse
935 577 1037 639 neque
1069 553 1220 620 omnibus
1250 553 1316 618 illis
1349 553 1426 620 viris

254 665 350 730 nixus
368 668 539 749 praecepte
557 659 703 728 edidit¹⁸4
725 684 829 748 neque
849 664 890 729 ab
910 662 983 728 aliis
1002 662 1146 727 fontibus
1170 682 1240 726 sese
1260 661 1427 726 abstinuit.

255 771 398 854 Accedit,
413 770 496 855 quod
513 774 680 835 auctorum
696 770 790 835 seriei
804 768 957 858 Hyginus
971 769 1118 835 Varrone
1137 766 1244 832 iunior
1263 768 1427 853 subiungi-

255 881 316 943 tur.
361 877 567 943 Postremum
587 877 725 961 Atticus,
749 876 871 964 Celsus,
895 877 1072 943 Graecinus
1096 897 1181 942 nova
1203 875 1426 942 enuntiatione

256 984 425 1050 adduntur.
465 984 566 1069 Adde,
589 984 673 1070 quod
694 984 740 1050 eis
760 985 954 1070 auctoribus,
973 985 1028 1071 qui
1047 983 1213 1049 doctrinae
1231 983 1325 1048 orbes
1341 1005 1426 1048 com·

254 1091 434 1176 ponebant,
457 1092 590 1158 testium
612 1091 734 1156 indices
758 1094 870 1177 gratos
894 1091 995 1157 fuisse
1023 1091 1147 1176 primae
1169 1089 1267 1154 Plinii
1294 1089 1426 1156 maioris

254 1199 338 1264 liber
361 1198 571 1264 demonstrat.
617 1198 688 1263 Iam
712 1219 791 1283 ergo
813 1198 970 1264 faciamus
994 1220 1067 1264 cum
1090 1196 1345 1280 Reitzensteino,
1372 1198 1427 1281 qui

256 1304 448 1390 scriptorum
486 1306 680 1371 rusticorum
717 1304 864 1370 ordinem
900 1306 934 1370 in
967 1304 1164 1370 Columellae
1201 1305 1304 1389 primo
1341 1304 1426 1369 libro

257 1416 440 1479 exstantem
455 1411 549 1479 Celso
569 1413 688 1497 deberi,
705 1416 854 1478 nostrum
873 1413 1055 1498 aequalium
1075 1412 1170 1478 modo
1189 1411 1322 1476 nomina
1341 1410 1428 1476 addi-

255 1519 339 1587 disse
362 1515 575 1586 concludit.¹³⁵

343 1625 406 1693 Sed
436 1649 476 1692 ne
506 1627 628 1692 omissa
656 1627 785 1712 quidem
817 1628 1070 1713 geoponicorum
1100 1627 1232 1692 cohorte
1259 1626 1429 1712 habemus,

255 1735 339 1819 quod
363 1735 545 1800 litterarum
576 1733 687 1799 rudem
715 1738 863 1801 nostrum
891 1735 993 1799 fuisse
1018 1734 1223 1799 arbitremur.
1268 1733 1427 1816 Persaepe

252 1840 364 1906 laudat
400 1838 598 1925 Catonem,
639 1840 865 1926 Varronem,
915 1839 1117 1928 Sasernas,
1162 1841 1429 1922 Tremellium,

252 1945 462 2033 Hyginum,
494 1947 728 2032 Vergilium,
765 1946 974 2031 Magonem
1030 1947 1196 2013 Accedunt
1227 1944 1430 2031 Accius,¹⁸⁶

253 2051 429 2136 Bolus,¹⁸²
466 2051 660 2139 Cicero,¹⁸⁷
696 2052 979 2140 Euhemerus,188
1017 2052 1269 2141 Nicander,¹⁸⁹
1307 2055 1430 2120 histo-

253 2156 394 2245 riae‚1⁹⁰
425 2158 661 2225 Pontificum
693 2158 907 2227 saburrum
956 2159 1070 2245 Neque
1094 2161 1239 2245 agricole
1265 2161 1430 2226 litteratus

255 2267 400 2352 neglexit
428 2267 546 2331 tritos
575 2268 889 2353 commentarios,
916 2289 1075 2352 quorum
1104 2271 1283 2333 auctores
1311 2268 1431 2333 nomi-

254 2374 402 2439 nandos
426 2395 501 2440 non
525 2371 732 2439 curavit.¹⁹²
778 2373 881 2449 Quam
904 2374 1076 2439 lectionem
1100 2375 1229 2458 quando
1252 2375 1314 2439 sibi
1336 2397 1432 2459 pepe·

253 2480 346 2566 rerit,
377 2479 551 2565 inquirere,
583 2479 645 2545 hoc
672 2504 691 2544 a
719 2482 789 2546 loco
818 2503 883 2546 non
912 2481 1054 2546 alienum
1083 2503 1152 2546 esse
1182 2481 1263 2546 mihi
1294 2481 1430 2547 videtur.

254 2586 338 2672 Iam,
370 2609 442 2652 cum
474 2587 564 2672 prius
597 2609 678 2672 opus
710 2588 867 2654 rusticum
897 2588 937 2652 ad
970 2588 1227 2671 componendum
1261 2611 1295 2654 se
1328 2589 1430 2674 appli-

256 2698 357 2781 caret,
389 2715 461 2758 eum
494 2693 613 2759 litteris
646 2695 727 2759 satis
759 2695 841 2760 bene
874 2696 1069 2760 instructum
1101 2695 1202 2761 fuisse
1230 2717 1329 2779 supra
1352 2695 1430 2761 vidi-

256 2823 336 2866 mus.
371 2799 518 2866 Primum
537 2801 622 2866 enim
646 2801 792 2866 laudavit
810 2802 995 2887 Magonem,
1019 2802 1109 2867 cuius
1129 2805 1303 2887 praecepta
1321 2804 1431 2887 patrui

256 2909 346 2974 iussn
384 2909 450 2973 iam
486 2908 520 2971 in
554 2907 665 2974 Africa
697 2930 769 2973 eum
803 2908 956 2994 adeptum
989 2930 1058 2973 esse
1090 2931 1150 2993 pro
1192 2912 1280 2974 certo
1318 2909 1431 2974 habeo.

257 3014 345 3092 Quae
369 3014 532 3080 sententia
555 3016 606 3080 vel
638 3036 676 3080 eo
708 3016 909 3099 sublevatur,
941 3015 1026 3101 quod
1056 3013 1213 3100 Hispanis
1245 3037 1317 3081 cum
1340 3015 1428 3080 Afris

258 3121 485 3188 commercium
510 3121 670 3186 diutinum
694 3121 765 3185 fuit.
802 3120 915 3206 Itaque
934 3120 1132 3186 Hamilcaris
1158 3144 1285 3207 quoquo
1309 3124 1431 3206 scripta

257 3230 291 3292 in
315 3227 476 3312 Hispania
499 3227 665 3313 divulgata
688 3227 789 3294 fuisse
814 3229 937 3313 opinor.
983 3227 1107 3294 Deinde
1128 3227 1341 3293 Columellam
1364 3230 1431 3294 iam

256 3335 385 3401 novisse
408 3334 483 3400 Boli
505 3333 662 3399 Mendesii
686 3356 785 3420 opera
807 3334 931 3399 Plinius
954 3331 1143 3400 testatur.¹⁹³
1188 3335 1270 3400 Tum
1290 3333 1431 3421 Vergilii

257 3443 400 3509 carmina
424 3441 459 3506 in
483 3441 605 3506 deliciis
633 3441 762 3525 babuit,
793 3463 928 3527 quorum
956 3443 1062 3508 locum
1091 3441 1166 3507 libri
1194 3441 1232 3506 de
1261 3442 1431 3508 arboribus

257 3550 388 3615 exordio
427 3549 632 3634 significavit
682 3549 886 3614 Postremum
924 3550 1076 3634 antiquos
1114 3549 1234 3615 citavit.
1290 3550 1361 3626 Quo
1397 3550 1431 3614 in

257 3678 389 3721 numero
419 3654 574 3721 Catonem
609 3656 791 3721 habendum
821 3678 892 3721 esse
922 3656 1149 3721 terebrationis
1177 3661 1348 3741 praecepta
1379 3657 1432 3722 do·

258 3759 386 3828 cenum
421 3760 583 3846 Hispania
605 3763 720 3829 relicta
744 3785 816 3829 eum
837 3785 875 3827 ex
893 3763 1051 3828 nobilium
1072 3761 1322 3828 adulescentium
1342 3785 1432 3830 more

257 3868 441 3934 litterarum
464 3868 570 3932 studio
594 3872 762 3934 vacentem
791 3869 982 3955 cognovisse
1014 3869 1209 3953 optimorum
1239 3870 1431 3953 scriptorum

259 3975 484 4058 artificumque
509 3995 607 4057 opera
630 3974 736 4060 prima
760 3975 891 4041 maioris
911 3976 1017 4058 operis
1036 3975 1236 4060 praefatione
1255 3973 1432 4041 laudeta¹⁹⁵

259 4082 372 4148 dubito
395 4103 474 4145 num
497 4102 607 4166 neges.
643 4079 796 4147 Nondum
816 4082 1035 4149 astronomiae
1057 4083 1145 4167 leges
1169 4086 1237 4146 tum
1258 4104 1330 4147 eum
1355 4083 1432 4146 didi·

258 4190 341 4255 cisse
368 4188 444 4254 libri
472 4189 511 4253 de
538 4188 709 4253 arboribus
738 4193 836 4273 caput
859 4191 888 4254 2.
918 4212 990 4255 cum
1018 4189 1107 4253 tertii
1136 4188 1211 4253 libri
1238 4190 1310 4254 loco
1333 4191 1431 4255 colla·

259 4300 329 4362 tum
344 4299 536 4381 argumento
556 4293 664 4362 est.¹⁹⁶
701 4293 860 4381 Ceterum,
879 4317 951 4361 cum
966 4295 1004 4360 de
1022 4296 1168 4361 fontibus
1187 4295 1304 4381 prioris
1324 4296 1430 4380 operis

259 4404 329 4489 ipse
343 4401 425 4467 nihil
444 4402 510 4467 fere
526 4403 651 4487 dixerit,
674 4404 769 4488 plura
788 4406 930 4467 statuere
949 4403 1119 4470 nonlicet.
1156 4403 1194 4468 In
1214 4405 1316 4469 altero
1336 4425 1430 4488 opere

261 4511 337 4575 dum
365 4513 524 4595 versetur,
553 4509 672 4594 scripte
705 4509 828 4575 rustica
852 4531 923 4574 eum
949 4511 1030 4575 satis
1064 4509 1236 4599 diligenter
1268 4510 1431 4576 lect’tasse
