<?xml version="1.0" encoding="UTF-8"?>
<!DOCTYPE html PUBLIC "-//W3C//DTD XHTML 1.0 Transitional//EN"
    "http://www.w3.org/TR/xhtml1/DTD/xhtml1-transitional.dtd">
<html xmlns="http://www.w3.org/1999/xhtml" xml:lang="en" lang="en">
 <head>
  <title>
</title>
<meta http-equiv="Content-Type" content="text/html;charset=utf-8" />
  <meta name='ocr-system' content='tesseract 3.04.00' />
  <meta name='ocr-capabilities' content='ocr_page ocr_carea ocr_par ocr_line ocrx_word'/>
</head>
<body>
  <div class='ocr_page' id='page_1' title='image "./deljmcolumellae00bechgoog_0042.png"; bbox 0 0 3470 5124; ppageno 0'>
   <div class='ocr_carea' id='block_1_1' title="bbox 719 359 938 424">
    <p class='ocr_par' dir='ltr' id='par_1_1' title="bbox 719 359 938 424">
     <span class='ocr_line' id='line_1_1' title="bbox 719 359 938 424; baseline 0 -18"><span class='ocrx_word' id='word_1_1' title='bbox 719 359 938 424; x_wconf 69' lang='lat'><strong>‚37-</strong></span> 
     </span>
    </p>
   </div>
   <div class='ocr_carea' id='block_1_2' title="bbox 561 535 894 624">
    <p class='ocr_par' dir='ltr' id='par_1_2' title="bbox 561 535 894 624">
     <span class='ocr_line' id='line_1_2' title="bbox 561 535 894 624; baseline -0.003 -22"><span class='ocrx_word' id='word_1_2' title='bbox 561 537 675 624; x_wconf 81' lang='lat' dir='ltr'><strong><em>Pergit</em></strong></span> <span class='ocrx_word' id='word_1_3' title='bbox 699 535 894 602; x_wconf 78' lang='lat' dir='ltr'>Columella:</span> 
     </span>
    </p>
   </div>
   <div class='ocr_carea' id='block_1_3' title="bbox 235 644 1424 4574">
    <p class='ocr_par' dir='ltr' id='par_1_3' title="bbox 331 644 1032 710">
     <span class='ocr_line' id='line_1_3' title="bbox 331 644 1032 710; baseline -0.003 0"><span class='ocrx_word' id='word_1_4' title='bbox 331 644 370 710; x_wconf 88' lang='lat' dir='ltr'><strong><em>do</em></strong></span> <span class='ocrx_word' id='word_1_5' title='bbox 393 644 580 710; x_wconf 81' lang='lat' dir='ltr'><strong>arboribus:</strong></span> <span class='ocrx_word' id='word_1_6' title='bbox 946 666 971 710; x_wconf 88' lang='lat' dir='ltr'><strong><em>r.</em></strong></span> <span class='ocrx_word' id='word_1_7' title='bbox 994 665 1032 709; x_wconf 88' lang='lat' dir='ltr'><strong><em>r.:</em></strong></span> 
     </span>
    </p>

    <p class='ocr_par' dir='ltr' id='par_1_4' title="bbox 239 749 1424 1586">
     <span class='ocr_line' id='line_1_4' title="bbox 287 749 1416 837; baseline -0.001 -19"><span class='ocrx_word' id='word_1_8' title='bbox 287 773 355 837; x_wconf 83' lang='lat' dir='ltr'><strong><em>cap.</em></strong></span> <span class='ocrx_word' id='word_1_9' title='bbox 379 753 413 836; x_wconf 88' lang='lat'><strong><em>3,</em></strong></span> <span class='ocrx_word' id='word_1_10' title='bbox 440 755 460 833; x_wconf 64' lang='grc' dir='ltr'><strong>ἕ</strong></span> <span class='ocrx_word' id='word_1_11' title='bbox 487 756 515 816; x_wconf 90' lang='grc'><strong><em>1.</em></strong></span> <span class='ocrx_word' id='word_1_12' title='bbox 565 750 584 816; x_wconf 77' lang='lat'><strong><em>‘.</em></strong></span> <span class='ocrx_word' id='word_1_13' title='bbox 613 800 620 816; x_wconf 90' lang='lat'><strong>.</strong></span> <span class='ocrx_word' id='word_1_14' title='bbox 648 800 655 815; x_wconf 92' lang='lat'><strong>.</strong></span> <span class='ocrx_word' id='word_1_15' title='bbox 685 771 801 835; x_wconf 83' lang='lat' dir='ltr'><strong><em>sapore.</em></strong></span> <span class='ocrx_word' id='word_1_16' title='bbox 900 749 958 816; x_wconf 78' lang='grc' dir='ltr'>ΙΙΙ.</span> <span class='ocrx_word' id='word_1_17' title='bbox 996 771 1065 835; x_wconf 81' lang='lat' dir='ltr'><strong><em>cop.</em></strong></span> <span class='ocrx_word' id='word_1_18' title='bbox 1095 751 1151 834; x_wconf 90' lang='lat'><strong><em>10,</em></strong></span> <span class='ocrx_word' id='word_1_19' title='bbox 1183 752 1203 831; x_wconf 69' lang='grc' dir='ltr'><strong>ξ</strong></span> <span class='ocrx_word' id='word_1_20' title='bbox 1237 750 1265 816; x_wconf 95' lang='grc'><strong><em>1.</em></strong></span> <span class='ocrx_word' id='word_1_21' title='bbox 1321 750 1416 834; x_wconf 78' lang='lat' dir='ltr'><strong><em>‘fera</em></strong></span> 
     </span>
     <span class='ocr_line' id='line_1_5' title="bbox 243 851 1424 947; baseline 0.002 -24"><span class='ocrx_word' id='word_1_22' title='bbox 243 857 384 942; x_wconf 81' lang='lat' dir='ltr'><strong><em>Optima&#39;</em></strong></span> <span class='ocrx_word' id='word_1_23' title='bbox 409 855 570 945; x_wconf 83' lang='lat' dir='ltr'><strong><em>(semina)</em></strong></span> <span class='ocrx_word' id='word_1_24' title='bbox 593 857 759 924; x_wconf 68' lang='lat' dir='ltr'><strong><em>‘habeatur</em></strong></span> <span class='ocrx_word' id='word_1_25' title='bbox 780 879 802 922; x_wconf 86' lang='lat' dir='ltr'><strong><em>a</em></strong></span> <span class='ocrx_word' id='word_1_26' title='bbox 854 857 981 923; x_wconf 79' lang='lat' dir='ltr'><strong><em>tissima</em></strong></span> <span class='ocrx_word' id='word_1_27' title='bbox 994 862 1096 923; x_wconf 89' lang='lat' dir='ltr'><strong><em>autem</em></strong></span> <span class='ocrx_word' id='word_1_28' title='bbox 1110 858 1229 924; x_wconf 76' lang='lat' dir='ltr'><strong><em>seruicia</em></strong></span> <span class='ocrx_word' id='word_1_29' title='bbox 1242 863 1324 938; x_wconf 80' lang='lat' dir='ltr'><strong><em>sunt,</em></strong></span> <span class='ocrx_word' id='word_1_30' title='bbox 1343 851 1424 947; x_wconf 63' lang='lat' dir='ltr'><strong><em>nom</em></strong></span> 
     </span>
     <span class='ocr_line' id='line_1_6' title="bbox 241 964 1416 1053; baseline 0.002 -23"><span class='ocrx_word' id='word_1_31' title='bbox 241 965 361 1052; x_wconf 82' lang='lat' dir='ltr'><strong><em>tumbis,</em></strong></span> <span class='ocrx_word' id='word_1_32' title='bbox 378 966 510 1032; x_wconf 87' lang='lat' dir='ltr'><strong><em>seeuudc</em></strong></span> <span class='ocrx_word' id='word_1_33' title='bbox 530 964 727 1050; x_wconf 73' lang='lat' dir='ltr'><strong><em>autumaris,</em></strong></span> <span class='ocrx_word' id='word_1_34' title='bbox 745 969 801 1030; x_wconf 88' lang='lat' dir='ltr'><strong><em>tcr-</em></strong></span> <span class='ocrx_word' id='word_1_35' title='bbox 854 969 890 1029; x_wconf 90' lang='lat' dir='ltr'><strong><em>ut</em></strong></span> <span class='ocrx_word' id='word_1_36' title='bbox 915 969 1024 1030; x_wconf 83' lang='lat' dir='ltr'><strong><em>ueteres</em></strong></span> <span class='ocrx_word' id='word_1_37' title='bbox 1050 969 1186 1031; x_wconf 77' lang='lat' dir='ltr'><strong><em>auctores</em></strong></span> <span class='ocrx_word' id='word_1_38' title='bbox 1213 966 1416 1053; x_wconf 79' lang='lat' dir='ltr'><strong><em>tradiderunt,</em></strong></span> 
     </span>
     <span class='ocr_line' id='line_1_7' title="bbox 241 1069 1418 1158; baseline 0.002 -21"><span class='ocrx_word' id='word_1_39' title='bbox 241 1073 287 1137; x_wconf 87' lang='lat' dir='ltr'><strong><em>tia</em></strong></span> <span class='ocrx_word' id='word_1_40' title='bbox 299 1093 320 1136; x_wconf 93' lang='lat' dir='ltr'><strong><em>a</em></strong></span> <span class='ocrx_word' id='word_1_41' title='bbox 333 1093 452 1138; x_wconf 85' lang='lat' dir='ltr'><strong><em>summo</em></strong></span> <span class='ocrx_word' id='word_1_42' title='bbox 465 1073 574 1138; x_wconf 72' lang='lat' dir='ltr'><strong><em>certia</em></strong></span> <span class='ocrx_word' id='word_1_43' title='bbox 585 1071 657 1138; x_wconf 84' lang='lat' dir='ltr'><strong><em>vitis</em></strong></span> <span class='ocrx_word' id='word_1_44' title='bbox 671 1072 754 1157; x_wconf 65' lang='lat' dir='ltr'><strong><em>iectu</em></strong></span> <span class='ocrx_word' id='word_1_45' title='bbox 763 1069 801 1110; x_wconf 78' lang='lat'><strong><em>¹⁶⁸</em></strong></span> <span class='ocrx_word' id='word_1_46' title='bbox 854 1075 987 1137; x_wconf 75' lang='lat' dir='ltr'><strong><em>mtraua</em></strong></span> <span class='ocrx_word' id='word_1_47' title='bbox 1006 1092 1085 1154; x_wconf 78' lang='lat' dir='ltr'><strong><em>pars</em></strong></span> <span class='ocrx_word' id='word_1_48' title='bbox 1111 1072 1190 1155; x_wconf 87' lang='lat' dir='ltr'><strong><em>eius,</em></strong></span> <span class='ocrx_word' id='word_1_49' title='bbox 1218 1073 1299 1154; x_wconf 80' lang='lat' dir='ltr'><strong><em>quod</em></strong></span> <span class='ocrx_word' id='word_1_50' title='bbox 1323 1078 1418 1158; x_wconf 78' lang='lat' dir='ltr'><strong><em>caput</em></strong></span> 
     </span>
     <span class='ocr_line' id='line_1_8' title="bbox 240 1178 1415 1264; baseline 0 -18"><span class='ocrx_word' id='word_1_51' title='bbox 240 1200 318 1262; x_wconf 78' lang='lat' dir='ltr'><strong><em>quoe</em></strong></span> <span class='ocrx_word' id='word_1_52' title='bbox 331 1179 485 1246; x_wconf 74' lang='lat' dir='ltr'><strong><em>celerrime</em></strong></span> <span class='ocrx_word' id='word_1_53' title='bbox 503 1179 757 1263; x_wconf 74' lang='lat' dir='ltr'><strong><em>comprehendunt</em></strong></span> <span class='ocrx_word' id='word_1_54' title='bbox 773 1183 803 1244; x_wconf 86' lang='lat' dir='ltr'><strong><em>et</em></strong></span> <span class='ocrx_word' id='word_1_55' title='bbox 853 1179 926 1244; x_wconf 87' lang='lat' dir='ltr'><strong><em>vitis</em></strong></span> <span class='ocrx_word' id='word_1_56' title='bbox 948 1178 1119 1264; x_wconf 77' lang='lat' dir='ltr'><strong><em>appellaret,</em></strong></span> <span class='ocrx_word' id='word_1_57' title='bbox 1146 1179 1183 1244; x_wconf 85' lang='lat' dir='ltr'><strong><em>id</em></strong></span> <span class='ocrx_word' id='word_1_58' title='bbox 1203 1185 1247 1245; x_wconf 89' lang='lat' dir='ltr'><strong><em>cst</em></strong></span> <span class='ocrx_word' id='word_1_59' title='bbox 1268 1181 1415 1246; x_wconf 72' lang='lat' dir='ltr'><strong><em>utdmum</em></strong></span> 
     </span>
     <span class='ocr_line' id='line_1_9' title="bbox 239 1283 1414 1371; baseline 0.002 -21"><span class='ocrx_word' id='word_1_60' title='bbox 239 1290 314 1351; x_wconf 87' lang='lat' dir='ltr'><strong><em>suut</em></strong></span> <span class='ocrx_word' id='word_1_61' title='bbox 354 1286 522 1371; x_wconf 73' lang='lat' dir='ltr'><strong><em>sauciare,</em></strong></span> <span class='ocrx_word' id='word_1_62' title='bbox 567 1288 620 1352; x_wconf 89' lang='lat' dir='ltr'><strong><em>sed</em></strong></span> <span class='ocrx_word' id='word_1_63' title='bbox 661 1283 800 1370; x_wconf 68' lang='grc' dir='ltr'><strong><em>αεῳιε168</em></strong></span> <span class='ocrx_word' id='word_1_64' title='bbox 853 1289 883 1350; x_wconf 86' lang='lat' dir='ltr'><strong><em>ct</em></strong></span> <span class='ocrx_word' id='word_1_65' title='bbox 920 1285 1195 1368; x_wconf 74' lang='lat' dir='ltr'><strong><em>productissimum</em></strong></span> <span class='ocrx_word' id='word_1_66' title='bbox 1238 1287 1414 1370; x_wconf 63' lang='lat' dir='ltr'><strong><em>ducellum:</em></strong></span> 
     </span>
     <span class='ocr_line' id='line_1_10' title="bbox 240 1391 1416 1475; baseline 0.001 -17"><span class='ocrx_word' id='word_1_67' title='bbox 240 1392 394 1458; x_wconf 84' lang='lat' dir='ltr'><strong><em>celerrime</em></strong></span> <span class='ocrx_word' id='word_1_68' title='bbox 416 1391 591 1460; x_wconf 68' lang='lat' dir='ltr'><strong><em>senescunt?</em></strong></span> <span class='ocrx_word' id='word_1_69' title='bbox 853 1410 930 1456; x_wconf 83' lang='lat' dir='ltr'><strong><em>uam</em></strong></span> <span class='ocrx_word' id='word_1_70' title='bbox 966 1392 1001 1456; x_wconf 85' lang='lat' dir='ltr'><strong><em>iu</em></strong></span> <span class='ocrx_word' id='word_1_71' title='bbox 1036 1412 1069 1457; x_wconf 90' lang='lat' dir='ltr'><strong><em>eo</em></strong></span> <span class='ocrx_word' id='word_1_72' title='bbox 1109 1413 1225 1475; x_wconf 79' lang='lat' dir='ltr'><strong><em>quoque</em></strong></span> <span class='ocrx_word' id='word_1_73' title='bbox 1257 1393 1416 1475; x_wconf 77' lang='lat' dir='ltr'><strong><em>falluntur</em></strong></span> 
     </span>
     <span class='ocr_line' id='line_1_11' title="bbox 851 1497 1414 1586; baseline 0.004 -22"><span class='ocrx_word' id='word_1_74' title='bbox 851 1497 1018 1582; x_wconf 68' lang='lat' dir='ltr'><strong><em>oqrioolcte’</em></strong></span> <span class='ocrx_word' id='word_1_75' title='bbox 1052 1533 1089 1544; x_wconf 95' lang='lat'>-</span> <span class='ocrx_word' id='word_1_76' title='bbox 1126 1498 1289 1565; x_wconf 84' lang='lat' dir='ltr'><strong><em>adduntur</em></strong></span> <span class='ocrx_word' id='word_1_77' title='bbox 1320 1521 1414 1586; x_wconf 85' lang='lat' dir='ltr'><strong><em>argu·</em></strong></span> 
     </span>
    </p>

    <p class='ocr_par' dir='ltr' id='par_1_5' title="bbox 853 1604 1413 1687">
     <span class='ocr_line' id='line_1_12' title="bbox 853 1604 1413 1687; baseline 0.007 -17"><span class='ocrx_word' id='word_1_78' title='bbox 853 1609 1026 1671; x_wconf 85' lang='lat' dir='ltr'><strong><em>monta-</em></strong></span> <span class='ocrx_word' id='word_1_79' title='bbox 1053 1654 1059 1667; x_wconf 92' lang='lat'><em>.</em></span> <span class='ocrx_word' id='word_1_80' title='bbox 1084 1654 1123 1671; x_wconf 92' lang='lat'><strong><em>..</em></strong></span> <span class='ocrx_word' id='word_1_81' title='bbox 1154 1607 1230 1687; x_wconf 65' lang='lat'><strong><em>58.</em></strong></span> <span class='ocrx_word' id='word_1_82' title='bbox 1253 1604 1333 1673; x_wconf 74' lang='lat' dir='ltr'><strong><em>‘Nos</em></strong></span> <span class='ocrx_word' id='word_1_83' title='bbox 1355 1630 1413 1674; x_wconf 76' lang='lat' dir='ltr'><strong><em>au-</em></strong></span> 
     </span>
    </p>

    <p class='ocr_par' dir='ltr' id='par_1_6' title="bbox 852 1713 1414 1801">
     <span class='ocr_line' id='line_1_13' title="bbox 852 1713 1414 1801; baseline 0.007 -24"><span class='ocrx_word' id='word_1_84' title='bbox 852 1717 912 1777; x_wconf 80' lang='lat' dir='ltr'><strong><em>tem</em></strong></span> <span class='ocrx_word' id='word_1_85' title='bbox 942 1713 1086 1795; x_wconf 69' lang='lat' dir='ltr'><strong><em>pdmum</em></strong></span> <span class='ocrx_word' id='word_1_86' title='bbox 1126 1714 1278 1779; x_wconf 80' lang='lat' dir='ltr'><strong><em>rationem</em></strong></span> <span class='ocrx_word' id='word_1_87' title='bbox 1313 1717 1414 1801; x_wconf 82' lang='lat' dir='ltr'><strong><em>secuti,</em></strong></span> 
     </span>
    </p>

    <p class='ocr_par' dir='ltr' id='par_1_7' title="bbox 851 1819 1414 1904">
     <span class='ocr_line' id='line_1_14' title="bbox 851 1819 1414 1904; baseline 0.002 -18"><span class='ocrx_word' id='word_1_88' title='bbox 851 1841 935 1886; x_wconf 80' lang='lat' dir='ltr'><strong><em>nuuc</em></strong></span> <span class='ocrx_word' id='word_1_89' title='bbox 961 1820 1055 1884; x_wconf 84' lang='lat' dir='ltr'><strong><em>ctiam</em></strong></span> <span class='ocrx_word' id='word_1_90' title='bbox 1083 1819 1167 1904; x_wconf 71' lang='lat' dir='ltr'><strong><em>terrai</em></strong></span> <span class='ocrx_word' id='word_1_91' title='bbox 1195 1822 1340 1904; x_wconf 68' lang='lat' dir='ltr'><strong><em>mmporis</em></strong></span> <span class='ocrx_word' id='word_1_92' title='bbox 1365 1843 1414 1887; x_wconf 82' lang='lat' dir='ltr'><strong><em>ea-</em></strong></span> 
     </span>
    </p>

    <p class='ocr_par' dir='ltr' id='par_1_8' title="bbox 844 1928 1414 2010">
     <span class='ocr_line' id='line_1_15' title="bbox 844 1928 1414 2010; baseline 0.007 -19"><span class='ocrx_word' id='word_1_93' title='bbox 844 1928 1054 2010; x_wconf 76' lang='lat' dir='ltr'><strong><em>perimmtum</em></strong></span> <span class='ocrx_word' id='word_1_94' title='bbox 1068 1947 1132 1991; x_wconf 83' lang='lat' dir='ltr'><strong><em>riou</em></strong></span> <span class='ocrx_word' id='word_1_95' title='bbox 1145 1928 1237 1994; x_wconf 88' lang='lat' dir='ltr'><strong><em>atiud</em></strong></span> <span class='ocrx_word' id='word_1_96' title='bbox 1248 1949 1349 1996; x_wconf 82' lang='lat' dir='ltr'><strong><em>serum</em></strong></span> <span class='ocrx_word' id='word_1_97' title='bbox 1363 1930 1414 1995; x_wconf 87' lang='lat' dir='ltr'><strong><em>eti·</em></strong></span> 
     </span>
    </p>

    <p class='ocr_par' dir='ltr' id='par_1_9' title="bbox 847 2035 1413 2117">
     <span class='ocr_line' id='line_1_16' title="bbox 847 2035 1413 2117; baseline 0.009 -20"><span class='ocrx_word' id='word_1_98' title='bbox 847 2035 1413 2117; x_wconf 65' lang='lat' dir='ltr'><strong><em>aimus...‚uisiquod...rram...</em></strong></span> 
     </span>
    </p>

    <p class='ocr_par' dir='ltr' id='par_1_10' title="bbox 850 2139 1413 2223">
     <span class='ocr_line' id='line_1_17' title="bbox 850 2139 1413 2223; baseline 0.009 -20"><span class='ocrx_word' id='word_1_99' title='bbox 850 2143 870 2220; x_wconf 64' lang='grc' dir='ltr'><strong>ξ</strong></span> <span class='ocrx_word' id='word_1_100' title='bbox 891 2139 943 2205; x_wconf 90' lang='grc'><strong><em>18.</em></strong></span> <span class='ocrx_word' id='word_1_101' title='bbox 965 2140 1012 2204; x_wconf 84' lang='lat' dir='ltr'><strong><em>Et</em></strong></span> <span class='ocrx_word' id='word_1_102' title='bbox 1029 2159 1085 2204; x_wconf 87' lang='lat' dir='ltr'><strong><em>uos</em></strong></span> <span class='ocrx_word' id='word_1_103' title='bbox 1103 2160 1269 2223; x_wconf 81' lang='lat' dir='ltr'><strong><em>sequamur</em></strong></span> <span class='ocrx_word' id='word_1_104' title='bbox 1291 2144 1326 2208; x_wconf 86' lang='lat' dir='ltr'><strong><em>iu</em></strong></span> <span class='ocrx_word' id='word_1_105' title='bbox 1344 2145 1413 2208; x_wconf 85' lang='lat' dir='ltr'><strong><em>aiti-</em></strong></span> 
     </span>
    </p>

    <p class='ocr_par' dir='ltr' id='par_1_11' title="bbox 850 2246 1412 2329">
     <span class='ocr_line' id='line_1_18' title="bbox 850 2246 1412 2329; baseline 0.007 -18"><span class='ocrx_word' id='word_1_106' title='bbox 850 2247 906 2312; x_wconf 81' lang='lat' dir='ltr'><strong><em>bus</em></strong></span> <span class='ocrx_word' id='word_1_107' title='bbox 927 2246 1008 2311; x_wconf 81' lang='lat' dir='ltr'><strong><em>traua</em></strong></span> <span class='ocrx_word' id='word_1_108' title='bbox 1031 2248 1133 2329; x_wconf 76' lang='lat' dir='ltr'><strong><em>r&#39;psom</em></strong></span> <span class='ocrx_word' id='word_1_109' title='bbox 1151 2250 1303 2313; x_wconf 76' lang='lat' dir='ltr'><strong><em>rationem</em></strong></span> <span class='ocrx_word' id='word_1_110' title='bbox 1327 2255 1412 2315; x_wconf 86' lang='lat' dir='ltr'><strong><em>tanto</em></strong></span> 
     </span>
    </p>

    <p class='ocr_par' dir='ltr' id='par_1_12' title="bbox 850 2354 1412 2437">
     <span class='ocr_line' id='line_1_19' title="bbox 850 2354 1412 2437; baseline 0.005 -19"><span class='ocrx_word' id='word_1_111' title='bbox 850 2354 972 2435; x_wconf 77' lang='lat' dir='ltr'><strong><em>quidem</em></strong></span> <span class='ocrx_word' id='word_1_112' title='bbox 996 2354 1412 2437; x_wconf 74' lang='lat' dir='ltr'><strong><em>mayis,qu0dcom1rertum</em></strong></span> 
     </span>
    </p>

    <p class='ocr_par' dir='ltr' id='par_1_13' title="bbox 849 2458 1412 2545">
     <span class='ocr_line' id='line_1_20' title="bbox 849 2458 1412 2545; baseline 0.011 -22"><span class='ocrx_word' id='word_1_113' title='bbox 849 2458 1034 2538; x_wconf 79' lang='lat' dir='ltr'><strong><em>habeamus,</em></strong></span> <span class='ocrx_word' id='word_1_114' title='bbox 1084 2459 1227 2526; x_wconf 85' lang='lat' dir='ltr'><strong><em>naturali</em></strong></span> <span class='ocrx_word' id='word_1_115' title='bbox 1275 2464 1412 2545; x_wconf 78' lang='lat' dir='ltr'><strong><em>quadam</em></strong></span> 
     </span>
    </p>

    <p class='ocr_par' dir='ltr' id='par_1_14' title="bbox 849 2567 1412 2649">
     <span class='ocr_line' id='line_1_21' title="bbox 849 2567 1412 2649; baseline 0.009 -19"><span class='ocrx_word' id='word_1_116' title='bbox 849 2567 1044 2649; x_wconf 74' lang='lat' dir='ltr'><strong><em>matiyuitate</em></strong></span> <span class='ocrx_word' id='word_1_117' title='bbox 1070 2567 1230 2633; x_wconf 82' lang='lat' dir='ltr'><strong><em>desciscere</em></strong></span> <span class='ocrx_word' id='word_1_118' title='bbox 1257 2569 1412 2635; x_wconf 84' lang='lat' dir='ltr'><strong><em>interdum</em></strong></span> 
     </span>
    </p>

    <p class='ocr_par' dir='ltr' id='par_1_15' title="bbox 849 2674 1412 2756">
     <span class='ocr_line' id='line_1_22' title="bbox 849 2674 1412 2756; baseline 0.004 -18"><span class='ocrx_word' id='word_1_119' title='bbox 849 2675 990 2756; x_wconf 77' lang='lat' dir='ltr'><strong><em>quamuis</em></strong></span> <span class='ocrx_word' id='word_1_120' title='bbox 1021 2674 1183 2756; x_wconf 75' lang='lat' dir='ltr'><strong><em>diiiyeuter</em></strong></span> <span class='ocrx_word' id='word_1_121' title='bbox 1211 2675 1343 2756; x_wconf 71' lang='lat' dir='ltr'><strong><em>motata</em></strong></span> <span class='ocrx_word' id='word_1_122' title='bbox 1369 2696 1412 2741; x_wconf 90' lang='lat' dir='ltr'><strong><em>se·</em></strong></span> 
     </span>
    </p>

    <p class='ocr_par' dir='ltr' id='par_1_16' title="bbox 850 2781 1413 2863">
     <span class='ocr_line' id='line_1_23' title="bbox 850 2781 1413 2863; baseline 0.005 -19"><span class='ocrx_word' id='word_1_123' title='bbox 850 2781 952 2846; x_wconf 79' lang='lat' dir='ltr'><strong><em>intua.-</em></strong></span> <span class='ocrx_word' id='word_1_124' title='bbox 984 2781 1074 2861; x_wconf 84' lang='lat' dir='ltr'><strong><em>idque</em></strong></span> <span class='ocrx_word' id='word_1_125' title='bbox 1100 2781 1188 2847; x_wconf 82' lang='lat' dir='ltr'><strong><em>uobis</em></strong></span> <span class='ocrx_word' id='word_1_126' title='bbox 1216 2787 1306 2863; x_wconf 84' lang='lat' dir='ltr'><strong><em>poeta</em></strong></span> <span class='ocrx_word' id='word_1_127' title='bbox 1333 2783 1413 2848; x_wconf 84' lang='lat' dir='ltr'><strong><em>aetat</em></strong></span> 
     </span>
    </p>

    <p class='ocr_par' dir='ltr' id='par_1_17' title="bbox 848 2888 1412 2971">
     <span class='ocr_line' id='line_1_24' title="bbox 848 2888 1412 2971; baseline 0.004 -19"><span class='ocrx_word' id='word_1_128' title='bbox 848 2888 953 2952; x_wconf 86' lang='lat' dir='ltr'><strong><em>surdis</em></strong></span> <span class='ocrx_word' id='word_1_129' title='bbox 966 2888 1105 2952; x_wconf 83' lang='lat' dir='ltr'><strong><em>ueritatis</em></strong></span> <span class='ocrx_word' id='word_1_130' title='bbox 1118 2889 1255 2971; x_wconf 65' lang='lat' dir='ltr'><strong><em>iudulaet</em></strong></span> <span class='ocrx_word' id='word_1_131' title='bbox 1267 2890 1412 2954; x_wconf 86' lang='lat' dir='ltr'><strong><em>diceudo:</em></strong></span> 
     </span>
    </p>

    <p class='ocr_par' dir='ltr' id='par_1_18' title="bbox 849 2992 1412 3082">
     <span class='ocr_line' id='line_1_25' title="bbox 849 2992 1412 3082; baseline 0.004 -22"><span class='ocrx_word' id='word_1_132' title='bbox 849 2992 952 3060; x_wconf 80' lang='lat' dir='ltr'><strong><em>“Vidi</em></strong></span> <span class='ocrx_word' id='word_1_133' title='bbox 975 2994 1050 3059; x_wconf 88' lang='lat' dir='ltr'><strong><em>tecta</em></strong></span> <span class='ocrx_word' id='word_1_134' title='bbox 1072 2996 1128 3061; x_wconf 85' lang='lat' dir='ltr'><strong><em>diu</em></strong></span> <span class='ocrx_word' id='word_1_135' title='bbox 1150 3043 1158 3059; x_wconf 90' lang='lat'><strong>.</strong></span> <span class='ocrx_word' id='word_1_136' title='bbox 1182 2993 1223 3060; x_wconf 87' lang='lat'><strong><em>.&#39;&#39;</em></strong></span> <span class='ocrx_word' id='word_1_137' title='bbox 1247 3045 1254 3060; x_wconf 93' lang='lat'>.</span> <span class='ocrx_word' id='word_1_138' title='bbox 1281 3045 1287 3060; x_wconf 93' lang='lat'>.</span> <span class='ocrx_word' id='word_1_139' title='bbox 1316 2993 1412 3082; x_wconf 68' lang='lat'><strong><em>§20</em></strong></span> 
     </span>
    </p>

    <p class='ocr_par' dir='ltr' id='par_1_19' title="bbox 848 3101 1411 3182">
     <span class='ocr_line' id='line_1_26' title="bbox 848 3101 1411 3182; baseline 0.005 -18"><span class='ocrx_word' id='word_1_140' title='bbox 848 3102 951 3182; x_wconf 77' lang='lat' dir='ltr'><strong><em>itaque</em></strong></span> <span class='ocrx_word' id='word_1_141' title='bbox 964 3101 1057 3165; x_wconf 75' lang='lat' dir='ltr'><strong><em>tirius</em></strong></span> <span class='ocrx_word' id='word_1_142' title='bbox 1074 3102 1208 3166; x_wconf 83' lang='lat' dir='ltr'><strong><em>rationis</em></strong></span> <span class='ocrx_word' id='word_1_143' title='bbox 1225 3103 1411 3168; x_wconf 88' lang='lat' dir='ltr'><strong><em>demoustra-</em></strong></span> 
     </span>
    </p>

    <p class='ocr_par' dir='ltr' id='par_1_20' title="bbox 849 3207 1410 3290">
     <span class='ocr_line' id='line_1_27' title="bbox 849 3207 1410 3290; baseline 0.005 -19"><span class='ocrx_word' id='word_1_144' title='bbox 849 3212 943 3271; x_wconf 91' lang='lat' dir='ltr'><strong><em>torem</em></strong></span> <span class='ocrx_word' id='word_1_145' title='bbox 965 3207 1065 3289; x_wconf 68' lang='lat' dir='ltr'><strong><em>mauis</em></strong></span> <span class='ocrx_word' id='word_1_146' title='bbox 1087 3226 1149 3271; x_wconf 90' lang='lat' dir='ltr'><strong><em>esse</em></strong></span> <span class='ocrx_word' id='word_1_147' title='bbox 1176 3227 1224 3271; x_wconf 89' lang='lat' dir='ltr'><strong><em>me</em></strong></span> <span class='ocrx_word' id='word_1_148' title='bbox 1245 3229 1340 3290; x_wconf 72' lang='lat' dir='ltr'><strong><em>quiam</em></strong></span> <span class='ocrx_word' id='word_1_149' title='bbox 1363 3211 1410 3274; x_wconf 86' lang='lat' dir='ltr'><strong><em>iu-</em></strong></span> 
     </span>
    </p>

    <p class='ocr_par' dir='ltr' id='par_1_21' title="bbox 847 3312 1411 3398">
     <span class='ocr_line' id='line_1_28' title="bbox 847 3312 1411 3398; baseline 0.004 -20"><span class='ocrx_word' id='word_1_150' title='bbox 847 3317 998 3378; x_wconf 85' lang='lat' dir='ltr'><strong><em>ventcrem</em></strong></span> <span class='ocrx_word' id='word_1_151' title='bbox 1032 3312 1157 3377; x_wconf 72' lang='lat' dir='ltr'><strong><em>euenor</em></strong></span> <span class='ocrx_word' id='word_1_152' title='bbox 1179 3316 1342 3398; x_wconf 62' lang='lat' dir='ltr'><strong><em>profiteor:</em></strong></span> <span class='ocrx_word' id='word_1_153' title='bbox 1373 3336 1411 3380; x_wconf 87' lang='lat' dir='ltr'><strong><em>ue</em></strong></span> 
     </span>
    </p>

    <p class='ocr_par' dir='ltr' id='par_1_22' title="bbox 847 3419 1411 3502">
     <span class='ocr_line' id='line_1_29' title="bbox 847 3419 1411 3502; baseline 0.005 -17"><span class='ocrx_word' id='word_1_154' title='bbox 847 3421 917 3502; x_wconf 78' lang='lat' dir='ltr'><strong><em>quis</em></strong></span> <span class='ocrx_word' id='word_1_155' title='bbox 938 3419 1089 3485; x_wconf 76' lang='lat' dir='ltr'><strong><em>mistimet</em></strong></span> <span class='ocrx_word' id='word_1_156' title='bbox 1108 3419 1258 3501; x_wconf 79' lang='lat' dir='ltr'><strong><em>fraudari</em></strong></span> <span class='ocrx_word' id='word_1_157' title='bbox 1279 3423 1411 3488; x_wconf 86' lang='lat' dir='ltr'><strong><em>maiores</em></strong></span> 
     </span>
    </p>

    <p class='ocr_par' dir='ltr' id='par_1_23' title="bbox 847 3528 1410 3609">
     <span class='ocr_line' id='line_1_30' title="bbox 847 3528 1410 3609; baseline 0.005 -16"><span class='ocrx_word' id='word_1_158' title='bbox 847 3528 1075 3593; x_wconf 85' lang='lat' dir='ltr'><strong><em>uostroslaude</em></strong></span> <span class='ocrx_word' id='word_1_159' title='bbox 1092 3533 1202 3593; x_wconf 77' lang='lat' dir='ltr'><strong><em>merita</em></strong></span> <span class='ocrx_word' id='word_1_160' title='bbox 1227 3580 1233 3593; x_wconf 91' lang='lat'><strong>.</strong></span> <span class='ocrx_word' id='word_1_161' title='bbox 1253 3578 1286 3596; x_wconf 90' lang='lat'><strong><em>..</em></strong></span> <span class='ocrx_word' id='word_1_162' title='bbox 1325 3531 1410 3609; x_wconf 63' lang='lat'><strong><em>522.</em></strong></span> 
     </span>
    </p>

    <p class='ocr_par' dir='ltr' id='par_1_24' title="bbox 847 3634 1410 3719">
     <span class='ocr_line' id='line_1_31' title="bbox 847 3634 1410 3719; baseline 0.004 -18"><span class='ocrx_word' id='word_1_163' title='bbox 847 3637 950 3719; x_wconf 83' lang='lat' dir='ltr'><strong><em>Atque</em></strong></span> <span class='ocrx_word' id='word_1_164' title='bbox 971 3634 1044 3700; x_wconf 80' lang='lat' dir='ltr'><strong><em>haec</em></strong></span> <span class='ocrx_word' id='word_1_165' title='bbox 1068 3635 1248 3716; x_wconf 83' lang='lat' dir='ltr'><strong><em>etsorsitau</em></strong></span> <span class='ocrx_word' id='word_1_166' title='bbox 1266 3637 1410 3719; x_wconf 68' lang='lat' dir='ltr'><strong><em>aturribus</em></strong></span> 
     </span>
    </p>

    <p class='ocr_par' dir='ltr' id='par_1_25' title="bbox 848 3743 1409 3826">
     <span class='ocr_line' id='line_1_32' title="bbox 848 3743 1409 3826; baseline 0.002 -19"><span class='ocrx_word' id='word_1_167' title='bbox 848 3743 928 3807; x_wconf 78' lang='lat' dir='ltr'><strong><em>dou</em></strong></span> <span class='ocrx_word' id='word_1_168' title='bbox 950 3746 1030 3824; x_wconf 86' lang='lat' dir='ltr'><strong><em>suut,</em></strong></span> <span class='ocrx_word' id='word_1_169' title='bbox 1052 3762 1147 3823; x_wconf 73' lang='lat' dir='ltr'><strong><em>qucum</em></strong></span> <span class='ocrx_word' id='word_1_170' title='bbox 1169 3744 1307 3826; x_wconf 64' lang='lat' dir='ltr'><strong><em>edicebat</em></strong></span> <span class='ocrx_word' id='word_1_171' title='bbox 1328 3745 1409 3808; x_wconf 87' lang='lat' dir='ltr'><strong><em>ratio</em></strong></span> 
     </span>
    </p>

    <p class='ocr_par' dir='ltr' id='par_1_26' title="bbox 847 3848 1410 3926">
     <span class='ocr_line' id='line_1_33' title="bbox 847 3848 1410 3926; baseline 0.002 -13"><span class='ocrx_word' id='word_1_172' title='bbox 847 3849 997 3926; x_wconf 74' lang='lat' dir='ltr'><strong><em>vertam,</em></strong></span> <span class='ocrx_word' id='word_1_173' title='bbox 1033 3848 1139 3913; x_wconf 84' lang='lat' dir='ltr'><strong><em>miuus</em></strong></span> <span class='ocrx_word' id='word_1_174' title='bbox 1170 3852 1271 3912; x_wconf 84' lang='lat' dir='ltr'><strong><em>tamea</em></strong></span> <span class='ocrx_word' id='word_1_175' title='bbox 1303 3849 1410 3914; x_wconf 87' lang='lat' dir='ltr'><strong><em>mattis</em></strong></span> 
     </span>
    </p>

    <p class='ocr_par' dir='ltr' id='par_1_27' title="bbox 847 3953 1409 4037">
     <span class='ocr_line' id='line_1_34' title="bbox 847 3953 1409 4037; baseline -0.004 -16"><span class='ocrx_word' id='word_1_176' title='bbox 847 3976 941 4037; x_wconf 78' lang='lat' dir='ltr'><strong><em>quam</em></strong></span> <span class='ocrx_word' id='word_1_177' title='bbox 962 3953 1142 4036; x_wconf 74' lang='lat' dir='ltr'><strong><em>postulabat</em></strong></span> <span class='ocrx_word' id='word_1_178' title='bbox 1167 3973 1266 4034; x_wconf 75' lang='lat' dir='ltr'><strong><em>prave</em></strong></span> <span class='ocrx_word' id='word_1_179' title='bbox 1292 3955 1409 4020; x_wconf 84' lang='lat' dir='ltr'><strong><em>detorta</em></strong></span> 
     </span>
    </p>

    <p class='ocr_par' dir='ltr' id='par_1_28' title="bbox 846 4059 1408 4141">
     <span class='ocr_line' id='line_1_35' title="bbox 846 4059 1408 4141; baseline -0.005 -14"><span class='ocrx_word' id='word_1_180' title='bbox 846 4067 875 4127; x_wconf 93' lang='lat' dir='ltr'><strong><em>et</em></strong></span> <span class='ocrx_word' id='word_1_181' title='bbox 896 4063 1065 4126; x_wconf 77' lang='lat' dir='ltr'><strong><em>inveterata</em></strong></span> <span class='ocrx_word' id='word_1_182' title='bbox 1082 4059 1186 4141; x_wconf 76' lang='lat' dir='ltr'><strong><em>opimio</em></strong></span> <span class='ocrx_word' id='word_1_183' title='bbox 1203 4060 1408 4126; x_wconf 71' lang='lat' dir='ltr'><strong><em>rusticorum?</em></strong></span> 
     </span>
    </p>

    <p class='ocr_par' dir='ltr' id='par_1_29' title="bbox 235 4164 1409 4574">
     <span class='ocr_line' id='line_1_36' title="bbox 279 4164 1407 4252; baseline -0.001 -20"><span class='ocrx_word' id='word_1_184' title='bbox 279 4167 382 4232; x_wconf 85' lang='lat' dir='ltr'><strong><em>Tertii</em></strong></span> <span class='ocrx_word' id='word_1_185' title='bbox 431 4167 546 4250; x_wconf 83' lang='lat' dir='ltr'><strong><em>capitis</em></strong></span> <span class='ocrx_word' id='word_1_186' title='bbox 595 4167 793 4252; x_wconf 81' lang='lat' dir='ltr'><strong><em>paragraphi</em></strong></span> <span class='ocrx_word' id='word_1_187' title='bbox 892 4165 1101 4250; x_wconf 79' lang='lat' dir='ltr'><strong><em>Respondent</em></strong></span> <span class='ocrx_word' id='word_1_188' title='bbox 1133 4164 1209 4230; x_wconf 86' lang='lat' dir='ltr'><strong><em>huie</em></strong></span> <span class='ocrx_word' id='word_1_189' title='bbox 1238 4166 1295 4230; x_wconf 86' lang='lat' dir='ltr'><strong><em>fini</em></strong></span> <span class='ocrx_word' id='word_1_190' title='bbox 1326 4167 1407 4233; x_wconf 87' lang='lat' dir='ltr'><strong><em>viee-</em></strong></span> 
     </span>
     <span class='ocr_line' id='line_1_37' title="bbox 235 4272 1407 4360; baseline 0 -20"><span class='ocrx_word' id='word_1_191' title='bbox 235 4298 318 4360; x_wconf 87' lang='lat' dir='ltr'><strong><em>quae</em></strong></span> <span class='ocrx_word' id='word_1_192' title='bbox 354 4277 532 4359; x_wconf 78' lang='lat' dir='ltr'><strong><em>sequuntur</em></strong></span> <span class='ocrx_word' id='word_1_193' title='bbox 577 4273 667 4338; x_wconf 86' lang='lat' dir='ltr'><strong><em>varia</em></strong></span> <span class='ocrx_word' id='word_1_194' title='bbox 702 4294 793 4356; x_wconf 86' lang='lat' dir='ltr'><strong><em>prae·</em></strong></span> <span class='ocrx_word' id='word_1_195' title='bbox 848 4273 922 4338; x_wconf 81' lang='lat' dir='ltr'><strong><em>simi</em></strong></span> <span class='ocrx_word' id='word_1_196' title='bbox 933 4274 1030 4356; x_wconf 89' lang='lat' dir='ltr'><strong><em>primi</em></strong></span> <span class='ocrx_word' id='word_1_197' title='bbox 1040 4272 1155 4358; x_wconf 84' lang='lat' dir='ltr'><strong><em>eapitis</em></strong></span> <span class='ocrx_word' id='word_1_198' title='bbox 1166 4273 1264 4337; x_wconf 84' lang='lat' dir='ltr'><strong><em>verba</em></strong></span> <span class='ocrx_word' id='word_1_199' title='bbox 1278 4273 1407 4340; x_wconf 82' lang='lat' dir='ltr'><strong><em>ultima:</em></strong></span> 
     </span>
     <span class='ocr_line' id='line_1_38' title="bbox 235 4378 1408 4468; baseline -0.002 -20"><span class='ocrx_word' id='word_1_200' title='bbox 235 4386 328 4468; x_wconf 81' lang='lat' dir='ltr'><strong><em>cepta</em></strong></span> <span class='ocrx_word' id='word_1_201' title='bbox 353 4381 393 4447; x_wconf 86' lang='lat' dir='ltr'><strong><em>ad</em></strong></span> <span class='ocrx_word' id='word_1_202' title='bbox 427 4381 550 4444; x_wconf 83' lang='lat' dir='ltr'><strong><em>semina</em></strong></span> <span class='ocrx_word' id='word_1_203' title='bbox 582 4383 615 4444; x_wconf 82' lang='lat' dir='ltr'><strong><em>et</em></strong></span> <span class='ocrx_word' id='word_1_204' title='bbox 643 4379 793 4444; x_wconf 87' lang='lat' dir='ltr'><strong><em>habitum</em></strong></span> <span class='ocrx_word' id='word_1_205' title='bbox 848 4378 948 4444; x_wconf 74' lang='lat' dir='ltr'><strong><em>‘Haeo</em></strong></span> <span class='ocrx_word' id='word_1_206' title='bbox 983 4381 1020 4444; x_wconf 91' lang='lat' dir='ltr'><strong><em>de</em></strong></span> <span class='ocrx_word' id='word_1_207' title='bbox 1049 4380 1203 4463; x_wconf 74' lang='lat' dir='ltr'><strong><em>positione</em></strong></span> <span class='ocrx_word' id='word_1_208' title='bbox 1237 4381 1408 4446; x_wconf 83' lang='lat' dir='ltr'><strong><em>uinearum.</em></strong></span> 
     </span>
     <span class='ocr_line' id='line_1_39' title="bbox 236 4485 1409 4574; baseline -0.003 -20"><span class='ocrx_word' id='word_1_209' title='bbox 236 4490 298 4554; x_wconf 88' lang='lat' dir='ltr'><strong><em>soli</em></strong></span> <span class='ocrx_word' id='word_1_210' title='bbox 317 4486 514 4574; x_wconf 80' lang='lat' dir='ltr'><strong><em>pertinentia</em></strong></span> <span class='ocrx_word' id='word_1_211' title='bbox 532 4488 707 4552; x_wconf 83' lang='lat' dir='ltr'><strong><em>continent.</em></strong></span> <span class='ocrx_word' id='word_1_212' title='bbox 738 4486 794 4552; x_wconf 92' lang='lat' dir='ltr'><strong><em>Ul·</em></strong></span> <span class='ocrx_word' id='word_1_213' title='bbox 848 4485 991 4568; x_wconf 76' lang='lat' dir='ltr'><strong><em>Superest</em></strong></span> <span class='ocrx_word' id='word_1_214' title='bbox 1009 4507 1089 4568; x_wconf 79' lang='lat' dir='ltr'><strong><em>pars</em></strong></span> <span class='ocrx_word' id='word_1_215' title='bbox 1115 4487 1346 4573; x_wconf 76' lang='lat' dir='ltr'><strong><em>antiquissima,</em></strong></span> <span class='ocrx_word' id='word_1_216' title='bbox 1373 4492 1409 4552; x_wconf 85' lang='lat' dir='ltr'><strong><em>ut</em></strong></span> 
     </span>
    </p>
   </div>
   <div class='ocr_carea' id='block_1_4' title="bbox 0 0 1740 5124">
    <p class='ocr_par' dir='ltr' id='par_1_30' title="bbox 0 0 1740 5124">
     <span class='ocr_line' id='line_1_40' title="bbox 0 0 1740 5124; baseline 0 2"><span class='ocrx_word' id='word_1_217' title='bbox 0 0 1740 5124; x_wconf 95' lang='lat' dir='ltr'><strong><em> </em></strong></span> 
     </span>
    </p>
   </div>
  </div>
 </body>
</html>
