3470 5124
688 1318 908 1392 Auctoris
935 1318 1046 1394 vita.

367 1598 473 1664 Natus
500 1621 571 1663 sum
596 1596 776 1663 Guilelmus
800 1598 958 1663 Rudolius
983 1598 1108 1663 Becher
1131 1596 1285 1682 Cygneae
1312 1622 1338 1664 a.
1363 1600 1391 1664 d.
1416 1600 1456 1666 V.

280 1704 439 1771 calendas
457 1704 627 1769 Ianuarias
647 1706 723 1769 anni
743 1705 775 1770 h.
790 1728 814 1770 1.
829 1703 977 1770 LXXIII.
997 1705 1090 1788 patre
1109 1704 1251 1771 Rudolfo
1272 1711 1457 1792 mercatore,

280 1815 385 1875 matre
400 1811 493 1876 Elisa
508 1832 525 1874 e
540 1814 635 1895 gente
650 1809 787 1896 Gruene,
807 1833 888 1895 quos
903 1811 1082 1876 acerbitate
1100 1811 1162 1876 fati
1175 1811 1255 1876 mihi
1269 1817 1457 1898 praereptos

280 1938 350 1981 esse
373 1917 467 1981 valde
491 1916 593 1981 doleo,
638 1915 751 1980 Fidem
775 1918 931 2001 profiteor
954 1917 1187 2003 evangelicam.
1231 1917 1349 1982 Primis
1372 1919 1456 1985 litte·

279 2045 388 2087 rarum
418 2022 587 2087 elementis
616 2025 772 2106 quattuor
800 2044 858 2114 per
889 2045 991 2088 annos
1021 2023 1166 2088 imbutus
1193 2046 1378 2108 paucosque
1402 2048 1459 2109 per

279 2151 405 2194 menses
439 2129 602 2214 gymnasii
631 2127 832 2214 Cygneensis
861 2129 1027 2213 discipulis
1057 2129 1239 2214 adscriptus
1274 2132 1351 2195 anni
1379 2131 1410 2196 h.
1434 2153 1459 2196 1.

279 2233 458 2300 LXXXIII.
491 2239 614 2300 aestate
655 2257 728 2300 cum
769 2239 874 2301 matre
911 2235 1056 2318 Lipsiam
1092 2236 1333 2320 transmigravi.
1392 2237 1458 2303 Ubi

278 2347 427 2425 receptus
452 2363 523 2405 sum
551 2342 586 2404 in
614 2342 823 2426 gymnasium
856 2341 981 2425 regium
1010 2342 1129 2406 florens
1161 2345 1285 2407 rectore
1319 2342 1458 2408 Ricardo

166 2440 169 2448 ’
278 2446 377 2512 Richt
362 2451 447 2531 t,er0
476 2448 531 2530 qui
552 2448 652 2512 matri
676 2447 837 2512 affinitate
861 2447 1052 2512 coniunctus
1076 2447 1212 2512 tutelam
1235 2449 1299 2512 mei
1324 2449 1457 2514 admini-

279 2555 403 2620 stravit.
452 2553 538 2618 Vere
575 2555 652 2618 anni
692 2553 776 2619 1892
814 2554 1013 2619 maturitatis
1050 2555 1236 2620 testimonio
1275 2559 1457 2620 exstructus

279 2662 384 2725 almae
408 2661 506 2725 matri
524 2658 687 2743 Lipsiensi
709 2661 885 2743 inscriptus
909 2683 990 2725 sum.
1028 2661 1217 2726 Docuerunt
1234 2684 1285 2727 me
1303 2662 1365 2726 1111
1357 2663 1458 2728 illu·

279 2767 431 2831 strissimi
453 2765 652 2850 Brugmann,
674 2764 799 2848 Elater,
821 2764 990 2849 Immisch,
1014 2765 1159 2850 Lipsius,
1182 2765 1359 2854 Overbeck,
1381 2768 1458 2833 Rib-

276 2872 370 2956 beck,
395 2870 583 2956 Schneider,
607 2869 751 2954 8111111,
775 2870 1005 2956 Wachsmuth,
1028 2870 1162 2937 Wundt.
1207 2871 1325 2938 Militis
1350 2874 1456 2940 officio

277 2979 428 3044 absoluto
453 2978 597 3061 artisque
619 2977 810 3062 philologae
832 2977 984 3042 tirocinio
1009 2982 1161 3062 superato
1181 2977 1332 3045 Bonnam
1353 2984 1457 3045 trans·

277 3084 425 3169 migravi,
445 3084 485 3148 ad
502 3083 719 3148 humanitatis
739 3105 846 3148 arcem
860 3084 1084 3149 clarissimam.
1119 3083 1252 3150 Summa
1271 3109 1344 3151 eum
1363 3087 1457 3151 bene-

276 3191 420 3255 volentia
450 3189 567 3255 studiis
599 3190 681 3254 meis
714 3189 865 3255 faverunt
897 3191 959 3255 viri
991 3191 1196 3274 praenobiles
1225 3191 1455 3274 Brinckmann,

277 3294 465 3379 Buecheler,
487 3295 588 3379 81111,
612 3295 788 3378 Loeschlre,
811 3295 946 3382 Usener,
965 3296 1161 3361 Wilmanns.
1211 3297 1273 3362 Per
1292 3321 1349 3362 sex
1367 3321 1454 3363 men·

278 3424 329 3468 ses
365 3403 400 3466 in
437 3402 655 3485 pulcherrima
685 3403 806 3467 artium
840 3404 1039 3488 elegantium
1074 3409 1107 3468 et
1134 3403 1349 3488 ingenuarum
1382 3405 1456 3469 sede

276 3507 435 3573 Rhenana
458 3512 605 3573 versatus
628 3506 776 3593 Lipsiam
804 3508 885 3572 redii
909 3510 1025 3575 studiis
1049 3510 1232 3577 institurus.
1278 3511 1418 3596 Atque
1408 3533 1455 3574 m·

278 3617 466 3678 struxerunt
494 3636 546 3678 me
577 3615 638 3679 1111
669 3614 848 3680 doctissimi
880 3615 1088 3701 Bragmann,
1121 3613 1304 3701 Oichorius,
1336 3618 1457 3700 Elster,

277 3719 408 3803 Heinze,
431 3719 610 3805 Hofmann,
633 3720 798 3805 Immisch,
820 3721 960 3804 Lipsius,
983 3722 1131 3805 Marcks,
1153 3722 1218 3787 Rat
1220 3724 1277 3807 zel,
1300 3722 1457 3806 Ribbeck,

275 3826 375 3892 Richt
361 3832 426 3906 t,er
459 3824 648 3910 Schneider,
679 3826 865 3912 Schreiber,
897 3827 1038 3911 Sievers,
1066 3773 1298 3909 Wachsmuth,
1322 3827 1456 3893 Wundt

276 3933 456 4018 Postquam
479 3955 539 4017 per
563 3955 618 3998 sex
637 3955 764 3998 menses
788 3934 821 3998 in
839 3933 1076 4019 proseminario
1090 3933 1251 4016 Lipsiensi
1269 3933 1456 3998 tirocinium

276 4040 339 4105 feei
357 4039 545 4105 moderante
560 4038 760 4123 Immischio,
784 4043 816 4104 et
834 4062 893 4123 per
915 4040 1001 4104 idem
1021 4044 1150 4123 tempus
1169 4039 1304 4105 Bonnae
1319 4038 1456 4104 Useneri

278 4145 429 4229 auspiciis
454 4145 619 4230 ingenium
640 4145 720 4229 acui,
745 4145 857 4229 Lipsii,
879 4144 1059 4231 Ribbeckii,
1082 4137 1324 4210 Wachsmuthii
1342 4146 1455 4209 huma-

276 4253 380 4317 nitate
400 4252 434 4316 in
454 4251 662 4316 seminarium
683 4251 887 4337 philologum
902 4251 1070 4336 Lipsiense
1089 4255 1240 4335 receptus
1260 4273 1340 4334 sum,
1363 4251 1454 4316 cuius

276 4380 334 4442 per
356 4361 408 4422 ter
432 4378 528 4422 senos
548 4378 674 4422 menses
697 4356 746 4421 fui
765 4358 886 4422 sodalis
905 4357 1095 4422 ordinarius.
1131 4355 1304 4422 Praeterea
1318 4357 1454 4423 Wachs-

277 4464 404 4549 muthii,
429 4461 581 4546 Oichorii,
604 4464 642 4528 de
661 4462 812 4542 Bahderi‚
835 4462 996 4547 Sieversii,
1018 4463 1139 4528 Elateri
1161 4463 1367 4549 benignitate
1390 4464 1454 4528 fac-

1256 4569 1294 4622 6*
