3470 5124
790 365 1004 429 ,81-

400 546 526 596 234222
544 556 579 594 ex
597 539 662 594 libri
681 539 716 594 de
737 540 795 596 arb.
816 556 875 609 cap.
896 545 929 608 5,
949 536 998 593 ubi
1015 553 1072 593 non
1090 555 1171 595 uram
1190 539 1240 596 ssd
1259 541 1327 596 1222
1350 537 1482 595 materias

309 629 508 700 relinquendas
527 631 626 684 auctor
643 628 791 699 praecipit.

398 723 451 773 235
470 734 527 773 222
546 735 578 773 ex
597 717 615 772 l.
635 717 671 794 de
686 717 743 772 arb.
765 723 790 786 7,
809 723 844 784 6.,
864 716 913 770 ubi
930 731 1021 784 neque
1039 714 1178 772 invenitur
1195 733 1298 773 nomen
1322 732 1482 786 mergorum

309 810 340 863 21
370 808 436 877 post
461 806 614 862 triennium
642 823 698 861 non
723 808 789 876 post
819 804 965 860 biennium
992 805 1209 873 amputationem
1237 806 1395 862 faciendam
1422 820 1482 859 esse

310 895 435 952 docetur.
460 895 616 966 Opprobrio
635 895 800 950 vertendum
815 893 953 961 Palladio,
972 893 1047 962 quod
1064 910 1120 948 non
1140 892 1207 947 satis
1223 910 1404 964 magnacum
1420 893 1483 947 dili·

310 985 407 1056 gentia
430 983 602 1041 Columellas
627 983 722 1038 locum
746 999 780 1038 ex
803 986 904 1052 quarto
927 981 1001 1037 libro
1025 980 1179 1051 exscripsit.
1216 985 1309 1039 112222
1332 982 1484 1038 Februario

309 1073 508 1144 propagandas
527 1089 587 1129 csse
605 1073 678 1129 vites
693 1089 756 1126 cum
772 1071 939 1142 scripsisset,
959 1069 1065 1125 adiecit
1079 1070 1250 1126 Columellas
1261 1071 1400 1128 rationem
1414 1086 1485 1125 mer-

310 1162 355 1232 gis
372 1163 546 1233 reparandae
569 1160 669 1217 vineas
697 1161 828 1231 neglecta
851 1159 975 1216 eiusdem
993 1157 1165 1214 Columellas
1189 1159 1287 1229 capitis
1306 1161 1484 1231 paragrapho

311 1253 420 1320 quarta,
440 1250 489 1305 ubi
507 1250 645 1320 expressis
663 1249 756 1305 verbis
774 1251 871 1304 noster
888 1250 992 1317 monet,
1011 1265 1046 1303 ne
1065 1246 1128 1317 quis
1142 1262 1207 1302 vers
1221 1263 1329 1318 mergos
1348 1249 1484 1318 amputet.

401 1362 453 1412 216
472 1373 540 1424 222,
569 1359 601 1412 21
626 1356 779 1412 Gessnerus
808 1354 918 1410 censuit
936 1383 971 1395 -
989 1355 1027 1409 ad
1049 1354 1120 1409 Pall.
1139 1354 1186 1409 111.
1208 1359 1255 1420 17,
1275 1359 1291 1408 7
1310 1385 1340 1396 -
1361 1372 1394 1411 ex
1412 1356 1430 1409 1.
1451 1356 1485 1409 (12

311 1445 370 1500 arb.
391 1450 415 1513 8,
436 1449 454 1498 4
472 1443 522 1500 ubi
541 1445 652 1501 Gallica
669 1444 782 1500 terebra
801 1441 989 1499 aColumella
1007 1442 1134 1498 insitioni
1147 1444 1248 1513 aptata
1266 1445 1410 1513 perpaucis
1425 1459 1485 1498 ver-

310 1535 355 1589 bis
375 1534 514 1604 attigitur.

399 1629 452 1678 237
470 1622 537 1678 libri
555 1623 591 1677 12
610 1622 755 1677 arboribus
774 1622 868 1677 nullus
887 1622 966 1676 locus
984 1622 1143 1691 respondet.

400 1716 453 1766 238
471 1713 566 1766 utrum
585 1727 620 1766 ex
637 1711 688 1767 lib.
706 1729 728 1764 r.
743 1728 764 1765 r.
779 1711 814 1766 V.
836 1717 877 1780 10,
897 1717 912 1766 6
932 1710 981 1765 ubi
999 1727 1072 1765 nuno
1091 1710 1192 1764 lacuna
1207 1709 1299 1764 exstat
1317 1725 1353 1763 an
1372 1710 1435 1764 cxl.
1451 1709 1485 1764 12

310 1801 368 1856 arb.
388 1806 431 1868 20,
451 1807 467 1854 2
486 1791 611 1856 hauserit
625 1799 777 1868 Palladius,
797 1799 947 1855 diiudicari
966 1799 1072 1867 nequit.

401 1905 790 1975 23912222211222222122
818 1906 862 1962 est
889 1904 1047 1974 Palladius,
1075 1905 1151 1975 quod
1181 1904 1359 1960 accuratione
1386 1904 1487 1958 exscri-

309 1995 397 2050 bendi
414 1994 525 2049 defecit.

401 2089 454 2136 240
473 2083 543 2138 Cum
561 2081 653 2136 Plinio
677 2084 816 2138 consentit
839 2083 982 2138 Palladius
1006 2101 1023 2139 2
1042 2081 1197 2139 Columella
1221 2081 1314 2138 doceri
1337 2082 1487 2148 affirmans,

312 2172 387 2242 quod
416 2170 465 2226 ille
494 2186 511 2223 2
534 2170 604 2225 Bolo
624 2170 768 2225 Mendacio
797 2186 858 2225 sess
886 2171 1018 2226 didicisse
1045 2171 1106 2241 ipss
1134 2171 1274 2241 professus
1298 2173 1348 2225 est.
1385 2170 1489 2225 Verum

312 2262 407 2316 22122
427 2260 471 2314 221
488 2258 572 2315 illud:
602 2259 644 2314 ‘Si
662 2259 718 2314 duo
736 2259 847 2316 iaciunt
864 2260 947 2328 idem,
966 2278 1022 2316 non
1041 2262 1084 2315 221
1101 2260 1196 2316 1122.’
1213 2287 1214 2292 =
1230 2257 1338 2312 Plinius
1352 2257 1490 2312 naturalis

311 2346 450 2403 historiae
467 2364 525 2402 non
543 2350 602 2401 tam
622 2349 720 2402 auctor
735 2365 817 2418 quam
836 2349 1004 2418 compilator
1017 2336 1110 2418 lorgii
1123 2347 1239 2404 testium
1253 2346 1393 2402 indicibus
1407 2347 1490 2402 vehe-

312 2435 485 2491 mentissime
504 2434 626 2505 gavisus,
646 2435 723 2506 quir,
742 2437 766 2492 si
783 2436 846 2492 Boli
865 2453 966 2492 nomen
985 2437 1061 2509 apud
1076 2434 1260 2492 Columellam
1276 2436 1440 2503 invenisset,
1459 2433 1489 2488 id

313 2543 378 2582 suos
403 2526 433 2580 in
459 2523 566 2580 indices
592 2527 785 2595 assumpturus
809 2525 908 2596 fucrit,
936 2544 993 2582 non
1016 2527 1060 2582 est
1083 2524 1206 2580 dubium.
1247 2524 1391 2596 Sequitur,
1415 2524 1490 2593 quod

312 2631 397 2684 supra
421 2613 561 2682 enarravi,
585 2615 678 2684 priore
697 2612 869 2670 Columellas
893 2615 1028 2686 opusculo
1046 2614 1168 2669 Plinium
1193 2630 1253 2669 esse
1276 2630 1366 2668 usum.
1403 2612 1491 2667 Plane

312 2703 397 2758 aliter
425 2703 459 2758 de
477 2701 601 2757 Palladii
628 2702 691 2757 1222
714 2702 897 2758 iudicandum
921 2705 971 2759 est.
1010 2703 1110 2769 Quarti
1134 2722 1160 2772 p.
1181 2701 1244 2758 Chr.
1264 2700 1370 2756 saeculi
1393 2703 1491 2755 auctor

313 2790 456 2859 aspernari
475 2807 505 2844 ss
524 2807 587 2844 cnm
607 2790 752 2845 doctrinae
771 2795 938 2861 apparatum
962 2794 1135 2846 ostentatum
1163 2796 1223 2846 tum
1247 2791 1362 2846 testium
1384 2789 1490 2844 1211222

313 2879 429 2934 1222212
449 2878 584 2948 opusculo
603 2878 682 2933 hisce
699 2879 792 2935 verbis
812 2879 1028 2936 demonstravit:
1050 2880 1129 2936 ‘Pars
1149 2881 1193 2935 est
1205 2880 1298 2950 prima
1314 2879 1489 2949 prudentiae,

314 2966 414 3038 ipsam,
435 2967 480 3021 221
498 2969 697 3037 praecepturus
717 2970 763 3036 sis,
783 2967 933 3024 aestimare
952 2984 1108 3038 personam.
1144 2970 1243 3039 Neque
1262 2969 1338 3024 enim
1355 2968 1492 3024 formator

315 3056 457 3126 agricolae
477 3055 561 3110 debet
580 3054 688 3111 artibus
703 3058 731 3110 st
745 3057 906 3125 eloquentia
919 3057 1046 3112 rhetores
1061 3056 1207 3124 aemulari,
1226 3059 1301 3127 quod
1315 3075 1333 3113 2
1351 3056 1490 3127 plerisque

314 3144 496 3199 factumest:
516 3143 572 3212 qui,
592 3143 658 3198 dum
678 3143 781 3199 diserte
806 3144 958 3214 loquuntur
972 3143 1092 3215 rusticis,
1112 3144 1235 3200 assecuti
1253 3146 1326 3216 sunt,
1345 3147 1377 3200 ut
1395 3161 1491 3201 eorum

315 3233 447 3288 doctrina
465 3249 516 3288 nec
535 3249 553 3286 a
571 3231 762 3288 disertissimis
781 3233 873 3304 possit
890 3233 1031 3304 intelligi?
1063 3233 1205 3290 Prooemii
1228 3233 1396 3289 2221221122
1415 3251 1492 3288 secu·

315 3326 362 3377 tus
382 3337 433 3391 per
450 3337 553 3376 nomen
572 3338 619 3376 eos
643 3322 717 3376 solos
737 3323 823 3377 testes
843 3321 926 3388 citat,
952 3339 1021 3391 quos
1044 3320 1177 3392 agricolis
1199 3323 1281 3378 notos
1305 3338 1365 3376 esso
1389 3324 1491 3389 censet,

315 3409 481 3480 Vergilium,
505 3408 698 3477 Columellam,
719 3408 876 3480 Gargilium
895 3410 1063 3466 Martialem.
1101 3409 1229 3465 Ceterum
1249 3411 1369 3465 Graecos
1394 3412 1423 3466 st
1440 3411 1491 3466 ali·

314 3514 385 3567 quos
404 3501 434 3552 et
458 3496 529 3552 alios
554 3498 584 3554 et
606 3498 755 3554 nonnullos
780 3499 887 3555 laudat.
923 3500 1023 3568 Neque
1051 3515 1131 3569 ergo,
1160 3500 1236 3568 quod
1264 3497 1327 3554 Boli
1352 3499 1490 3556 Mendesii

314 3604 416 3643 nomen
434 3587 559 3656 reticuit,
584 3587 732 3656 quominus
750 3589 857 3644 maiore
877 3587 1050 3644 Columellas
1075 3605 1159 3658 opere
1178 3587 1300 3644 Palladii
1325 3589 1418 3644 locum
1437 3589 1490 3644 2111

314 3675 492 3743 arbitremur,
509 3675 637 3745 impedit.

400 3769 452 3818 241
471 3780 528 3817 222
547 3780 581 3818 ex
599 3763 673 3820 libro
693 3765 728 3820 ds
746 3766 901 3832 arboribus,
923 3765 1001 3821 cuius
1016 3766 1045 3820 12
1061 3765 1152 3836 capite
1167 3766 1256 3821 altero
1270 3766 1394 3820 nondum
1410 3770 1489 3836 quat·

308 3855 373 3909 tuor
400 3869 535 3907 annorum
565 3855 673 3908 certum
701 3855 824 3923 spatium
853 3854 1025 3909 surculorum
1053 3854 1251 3922 generositatis
1279 3856 1489 3924 cognoscendae

310 3941 453 3997 statuitur.
468 3972 501 3981 -
517 3947 569 3996 242
588 3941 760 4012 respondens
779 3944 857 3998 locus
871 3943 902 3997 in
915 3942 988 3998 libro
1003 3943 1036 3998 ds
1050 3942 1197 3998 arboribus
1215 3943 1320 3999 frustra
1338 3944 1489 4012 quaeritur.

402 4053 453 4104 243
473 4049 584 4103 Etenim
603 4065 667 4104 222
684 4050 796 4118 quidem
813 4049 962 4118 sententia,
982 4049 1006 4104 si
1018 4051 1080 4105 122
1095 4049 1268 4105 exstitissent
1282 4051 1382 4120 prioris
1397 4051 1491 4120 operis

311 4139 458 4195 volumina
480 4136 575 4193 omnia
597 4138 674 4208 prior
698 4137 771 4193 liber
794 4139 830 4193 12
853 4138 1025 4208 agricultura
1047 4140 1113 4193 ants
1136 4138 1251 4195 maioris
1275 4138 1367 4208 operis
1386 4138 1491 4194 librum

314 4227 476 4295 secundum,
495 4225 567 4281 liber
585 4227 621 4280 12
640 4242 670 4279 rc
689 4228 823 4296 pecuaria
841 4229 906 4282 ante
922 4227 1030 4281 sextum
1049 4226 1152 4281 librum
1171 4228 1249 4282 locos
1267 4226 1440 4297 habuissent,
1459 4230 1492 4284 ut

311 4316 384 4371 liber
409 4315 444 4370 12
468 4314 615 4371 arboribus
639 4315 730 4370 tribus
753 4314 942 4371 voluminibus
966 4315 1140 4371 surculorum
1164 4333 1258 4370 curam
1283 4316 1490 4372 continentibus

313 4405 474 4476 propositus
499 4412 548 4461 est.
586 4404 685 4474 Itaque
710 4420 841 4460 excursus
863 4403 913 4458 illc
940 4404 1144 4473 etymologicus
1169 4406 1229 4458 tum
1253 4403 1340 4461 121122
1366 4407 1491 4476 corporis

313 4494 382 4548 noni
399 4508 456 4548 uon
475 4492 587 4565 septimi
605 4493 671 4548 libri
690 4494 829 4564 particula
847 4493 954 4548 fuisset.

1313 4587 1328 4634 6
