3470 5124
738 323 955 387 ..11-

263 505 523 572 adulescentiam,
547 504 582 567 in
614 501 773 586 Hispania
804 502 903 587 degit.
956 501 1026 566 Iam
1067 522 1139 565 cum
1176 498 1309 564 tertium
1341 497 1434 562 illum

262 614 381 677 librum
405 615 627 694 componeret,
655 610 759 694 ipsum
784 613 890 673 aetate
914 610 1102 693 provectum
1129 606 1230 672 fuisse
1258 601 1436 689 apparet.³6

264 719 368 801 Adde,
401 718 487 803 quod
514 716 694 782 Varronem
723 737 857 780 avorum
887 715 1088 798 temporibus
1122 709 1281 794 vixisse³⁷,
1315 711 1434 776 lulium

264 827 424 909 Atticum,
454 823 639 890 Cornelium
663 822 806 908 Celsum,
838 822 957 887 Iulium
981 821 1174 888 Graecinum
1199 820 1261 885 sibi
1284 820 1435 904 aequales

264 955 334 998 esse
358 929 541 997 affirmat.³⁸
585 929 655 995 lam
679 930 764 994 circa
792 951 886 994 aeras
908 932 1040 994 nostrae
1067 928 1198 992 initium
1222 924 1435 992 Columellam

262 1045 376 1106 natum
410 1061 494 1124 esse,
526 1038 665 1122 septimo
696 1037 747 1102 vel
780 1040 894 1102 octavo
925 1059 955 1120 p.
986 1033 1060 1102 Chr.
1088 1033 1243 1100 decennio
1272 1035 1435 1099 senectute

263 1147 445 1212 confectum
469 1145 539 1211 vita
562 1143 738 1210 decessisse
756 1143 920 1209 concedes.

353 1252 424 1318 Hoc
465 1251 561 1317 modo
599 1249 797 1316 Columellas
839 1253 979 1315 aetatem
1023 1249 1316 1334 circumscripsisse
1355 1247 1435 1314 satis
1535 1238 1537 1243 ’

262 1360 377 1425 habeo.
428 1357 580 1443 Sequitur
607 1362 643 1423 ut
670 1379 766 1444 agam
795 1357 837 1421 de
866 1357 1111 1442 aequalibus,
1143 1356 1333 1440 quibuscum
1363 1377 1435 1420 con-

265 1467 468 1532 suetudinem
493 1465 556 1530 sibi
579 1465 799 1530 intercessisse
822 1465 891 1547 ipse
915 1467 1036 1529 narrat.

351 1572 440 1638 Natu
473 1572 625 1654 maiores,
658 1593 737 1656 quos
770 1571 886 1636 viderit
917 1574 1077 1636 memorat
1107 1569 1151 1638 llll.
1179 1567 1436 1635 Columellam

261 1683 413 1764 patruum
441 1682 475 1744 et
502 1677 537 1745 L.
565 1677 766 1743 Volusium
795 1678 1006 1743 consularem.
1052 1677 1100 1742 De
1130 1681 1247 1761 patruo
1276 1675 1437 1742 Gaditano

204 1835 206 1839 -
262 1787 327 1850 iam
352 1807 449 1869 supra
468 1781 562 1870 egi.³⁹
598 1784 633 1851 L.
652 1784 782 1850 Volusii
806 1785 1005 1850 mentionem
1025 1784 1104 1849 facit
1126 1807 1151 1848 r.
1170 1806 1194 1847 r.
1214 1784 1230 1848 I
1255 1785 1284 1866 7,
1307 1784 1340 1847 3:
1364 1782 1439 1865 ‘ipse

260 1897 367 1959 rostra
404 1892 553 1958 memoria
589 1897 715 1958 veterem
748 1893 940 1958 consularem
979 1893 1139 1974 virumque
1175 1891 1439 1974 opulentissimam

260 2001 297 2066 L.
324 2000 484 2065 Volasiara
502 2004 726 2066 asseverantem
744 2000 851 2064 audiri
867 1999 1115 2082 patrisfamilias
1135 1998 1349 2079 felicissimam
1365 1999 1439 2080 faa-

263 2108 337 2172 dara
360 2125 435 2188 esse,
464 2107 520 2188 qai
549 2106 669 2171 colores
695 2107 857 2189 iadipeaas
879 2105 1002 2170 habaet
1022 2111 1050 2171 et
1079 2111 1229 2187 tuaquom
1251 2107 1286 2170 ia
1302 2109 1438 2188 paterae

257 2213 447 2296 possessione
476 2216 566 2276 aatos
594 2213 661 2276 iam
690 2213 763 2277 iride
783 2233 805 2275 a
828 2212 989 2276 caaabalis
1016 2213 1108 2294 trapa
1128 2211 1348 2293 familiaritate
1369 2213 1440 2276 reti·
1478 2237 1480 2242 ’

186 2404 189 2410 .
262 2318 370 2385 aeret.’
426 2317 523 2384 Haud
558 2318 623 2382 scio
657 2341 698 2383 an
727 2318 814 2382 idem
838 2317 897 2403 sit,
925 2340 1021 2403 quem
1044 2317 1176 2382 Tacitus
1200 2339 1284 2382 anno
1308 2342 1339 2403 p.
1363 2315 1439 2384 Chr.

261 2449 293 2491 n.
317 2425 369 2492 56.
393 2429 558 2490 mortuum
582 2446 651 2490 esse
674 2422 830 2490 n.arrat.4⁰
867 2424 951 2501 Quid
975 2425 1037 2489 sibi
1060 2446 1133 2490 cum
1152 2427 1259 2490 vetere
1282 2425 1338 2490 illo
1363 2446 1438 2491 con-

263 2533 362 2598 sulari
384 2532 483 2596 fuerit
505 2534 616 2597 noster
639 2553 705 2596 non
729 2532 828 2598 addit.
1090 2613 1091 2618 ἵ

350 2637 398 2703 Ut
412 2636 541 2704 Volusii
555 2638 602 2703 ita
617 2637 660 2703 M
675 2638 868 2704 Trebellii
883 2639 1049 2704 cuiusdam
1062 2661 1180 2705 nomen
1195 2642 1294 2705 semel
1308 2644 1438 2705 tantum

264 2747 349 2831 apud
375 2743 589 2810 Columellam
620 2745 777 2830 scriptum
807 2746 956 2832 legimus.
1006 2746 1110 2812 Locus
1135 2745 1379 2822 estr.r.V1‚
1404 2748 1438 2812 2:

263 2853 412 2938 proriae
429 2873 499 2918 cara
512 2853 548 2917 ete
570 2854 794 2918 comraetieactis
816 2854 903 2936 apris
919 2854 1072 2918 ratioaera
1087 2852 1135 2918 M.
1152 2854 1319 2920 Trebellius
1337 2859 1438 2919 aester

262 2981 283 3024 a
314 2981 362 3025 rae
392 2960 569 3044 requireret,
599 2961 735 3025 viciaaar
767 2961 841 3026 adeo
873 2965 964 3044 atque
995 2960 1186 3026 coariaetam
1213 2980 1276 3026 esse
1302 2961 1439 3026 ceascbat

262 3061 494 3146 demoastraati,
517 3067 773 3148 quemadmodum
795 3069 898 3132 raetiri
920 3067 1100 3134 abacos?

347 3171 569 3237 Familiariter
593 3194 663 3238 sese
687 3195 759 3237 cum
782 3172 840 3237 illo
860 3175 966 3238 vivere
986 3174 1144 3239 vocabulo
1169 3172 1297 3239 ‘nostri'
1323 3178 1436 3240 auctor

263 3278 435 3364 significat.
481 3277 643 3354 Quinum
667 3301 751 3344 anno
780 3302 810 3362 p.
835 3278 911 3345 Chr.
935 3280 988 3344 36.
1024 3278 1152 3344 Vitellii
1176 3280 1306 3366 legatus
1329 3281 1438 3366 fuerit,

263 3385 545 3450 vehementissime
565 3383 720 3450 dubito!ss
771 3384 836 3452 Cur
864 3387 950 3452 enim
972 3387 1022 3451 vir
1050 3389 1157 3452 aetate
1180 3391 1360 3472 provectus,
1382 3389 1438 3453 tri-

264 3493 357 3576 ginta
385 3491 451 3556 fere
475 3492 569 3557 annis
593 3496 670 3557 ante
699 3493 863 3578 legatione
887 3493 1031 3577 functus,
1061 3496 1234 3579 praecepta
1257 3496 1438 3580 gromatica

265 3621 283 3663 a
307 3597 488 3665 Columella
512 3600 654 3684 agricola
677 3597 856 3684 peraeae
902 3599 949 3664 De
977 3601 1064 3666 illius
1087 3601 1155 3666 filio
1179 3602 1230 3666 vel
1253 3602 1436 3686 propinquo

264 3705 402 3789 cogitari
431 3727 527 3790 posse
551 3706 700 3771 concedo.
746 3703 897 3771 Ceterum
927 3708 1133 3772 statuendum
1162 3712 1212 3772 est
1239 3707 1436 3773 Trebellium

264 3811 348 3894 apud
381 3813 571 3896 scriptorem
602 3835 669 3876 non
696 3816 824 3878 tantum
848 3813 1004 3898 valuisse,
1034 3817 1071 3879 ut
1101 3815 1257 3879 metiendi
1280 3815 1319 3878 ad
1348 3815 1436 3898 leges

264 3917 512 3983 conscribendas
535 3940 607 3982 eum
631 3918 812 3985 adduceret.

352 4023 458 4088 Multo
482 4025 586 4089 maior
610 4047 686 4090 usus
710 4027 861 4110 scriptori
884 4027 947 4091 fuit
969 4049 1041 4092 cum
1066 4025 1227 4092 Silvine

352 4129 405 4195 Ad
429 4153 502 4195 eum
517 4127 698 4196 Columella
723 4131 891 4197 duodecim
915 4134 1047 4199 maioris
1067 4134 1174 4218 operis
1198 4133 1312 4199 rustici
1334 4134 1435 4200 libros

264 4237 362 4303 misit
398 4238 593 4322 Appellatur
607 4237 679 4303 aliis
699 4238 780 4303 locis
801 4235 985 4322 Silvinus,⁴³
1008 4239 1081 4304 aliis
1099 4238 1235 4305 Publius
1255 4238 1435 4325 Silvinus,44

263 4347 301 4409 ut
324 4345 493 4429 scriptoris
516 4349 651 4428 patruus
676 4348 732 4409 aut
747 4343 958 4410 Columella45
972 4351 1029 4411 aut
1042 4346 1083 4411 M.
1100 4344 1316 4412 columella⁴⁶
1329 4349 1435 4413 nomi-

264 4454 369 4516 natur.
416 4449 606 4536 Cognomen
630 4450 747 4517 Silvini
777 4453 810 4517 in
840 4450 964 4517 Italia⁴⁷
999 4457 1032 4518 et
1059 4452 1166 4519 Callia
1194 4442 1434 4520 Narbonensi48
