3470 5124
730 347 947 412 „63-

250 531 275 591 3,
295 529 343 580 26:
364 522 447 578 'Sunt
465 523 560 577 autem
579 522 723 592 complura
740 522 869 576 lactucae
889 537 1017 590 genera.
1038 562 1045 574 .
1065 561 1071 574 .
1096 536 1167 588 quae
1187 519 1288 576 deinde
1306 519 1427 575 candida

254 615 297 668 ost
315 616 344 668 et
363 611 528 682 crispissimi
546 610 617 679 folii,
635 611 669 664 nt
686 610 716 664 in
729 609 876 680 provincia
889 608 1006 665 Baetica
1020 613 1063 666 est
1076 609 1177 684 finibus
1192 606 1325 668 Gaditani
1337 608 1427 664 muni-

251 700 328 771 cipii,
346 718 441 757 mense
460 701 551 755 Marte
569 700 646 755 recte
664 697 818 769 pangitur!

342 795 375 845 14
393 808 416 846 1.
435 808 458 845 r.
476 788 525 845 ΙΙΙ.
545 794 574 857 3,
598 793 628 846 3:
658 787 704 842 ‘in
722 789 824 845 nostris
844 788 1006 845 Caeretanis
1027 830 1032 843 .
1053 829 1059 846 .
1079 789 1099 842 .'
1138 788 1309 845 columellae
1328 805 1428 858 agrum

251 880 280 934 in
298 879 400 934 finibus
419 877 633 936 Cerretanorum
652 877 869 947 Pyrenaicorum
887 877 1013 948 positum
1031 877 1117 932 fuisse
1136 876 1245 932 censuit
1263 876 1426 932 Beroaldus.

251 968 340 1039 Prope
366 965 521 1038 Hispaniae
547 966 677 1022 Baeticae
706 964 841 1037 oppidum
865 966 947 1021 Ceret
975 963 1147 1022 domicilium
1175 966 1263 1021 nostri
1284 967 1427 1035 repertum

250 1056 343 1113 voluit
362 1055 497 1112 Schwabe
516 1056 562 1112 l.l.
579 1061 669 1122 1293.
698 1057 730 1109 11
748 1056 848 1110 finibus
867 1055 996 1110 Etruriae
1014 1071 1102 1126 prope
1118 1053 1204 1109 Caere
1222 1053 1357 1124 oppidum
1376 1053 1426 1110 Co-

251 1145 394 1200 lumellam
415 1144 560 1200 habitasse
578 1161 669 1214 nuper
687 1144 876 1199 demonstravi
895 1143 924 1198 in
943 1143 1049 1212 Erano,
1068 1142 1116 1213 qui
1134 1142 1308 1198 inscribitur:
1334 1141 1427 1197 Philo·
1515 1197 1521 1208 ,

252 1233 541 1304 logischhistorische
561 1233 705 1303 Beitrtge,
724 1230 792 1288 Cnrt
804 1232 993 1288 Wachsmuth
1011 1249 1074 1286 rum
1094 1237 1136 1288 60.
1157 1231 1329 1302 Geburtstag
1347 1231 1427 1286 fiber-

251 1322 349 1393 reicht,
370 1328 447 1378 1897.
470 1338 536 1392 pag.
556 1327 607 1378 186
618 1338 679 1391 sqq.

341 1435 374 1485 11
393 1449 415 1486 r.
433 1448 455 1484 r.
474 1428 510 1482 ΙΙ.
531 1433 572 1496 10,
592 1434 640 1485 18:
661 1428 794 1483 ‘Sesama
812 1470 819 1484 .
840 1471 873 1484 ..
911 1427 967 1483 Sed
989 1429 1043 1484 hoc
1066 1427 1179 1498 quidem
1199 1445 1294 1482 semen
1314 1426 1427 1482 Ciliciae

254 1518 407 1589 Syriaeque
436 1517 598 1587 regionibus
626 1516 688 1586 ipse
716 1516 775 1573 vidi
800 1532 895 1571 mense
921 1515 1002 1572 Iunio
1030 1517 1157 1586 Iulioque
1183 1516 1293 1572 conseri
1320 1519 1349 1572 et
1375 1531 1426 1586 per

252 1612 426 1678 autumnum,
446 1624 509 1662 cum
528 1608 754 1677 permaturuerit,
773 1606 857 1661 tolli!

343 1704 376 1752 16
395 1697 431 1750 cf.
450 1715 471 1752 r.
490 1714 512 1750 r.
533 1694 579 1751 ΙΙΙ.
600 1701 624 1762 9,
644 1701 674 1750 2:
694 1695 859 1750 ‘Ardeatino
879 1711 957 1766 agro,
976 1713 1059 1765 quem
1072 1695 1169 1750 multis
1183 1694 1358 1764 temporibus
1372 1692 1429 1763 ipsi

251 1788 316 1842 ante
331 1786 528 1856 possedimus!

341 1881 373 1929 11
393 1875 528 1945 Alterius,
547 1891 602 1944 quo
621 1891 681 1929 rem
699 1874 832 1929 rusticam
851 1873 996 1944 tractavit,
1014 1873 1135 1928 libendo
1150 1873 1298 1928 arboribus
1317 1873 1430 1928 saecula

251 1963 408 2035 superavit;
428 1963 544 2018 alterius
562 1965 661 2019 auctor
678 1962 851 2018 mentionem
869 1962 940 2018 facit
957 1981 979 2019 r.
999 1981 1020 2019 r.
1039 1962 1088 2019 xi.
1107 1967 1132 2031 1,
1152 1969 1200 2017 312
1221 1961 1266 2016 ‘in
1285 1962 1320 2016 iis
1338 1960 1428 2030 libris,

253 2070 324 2121 quos
342 2053 476 2108 adversus
495 2052 653 2122 astrologos
672 2053 904 2122 composueram'

343 2145 375 2194 18
394 2158 417 2197 r.
435 2160 457 2195 r.
477 2140 523 2194 III.
543 2145 568 2208 9,
588 2146 615 2194 21
643 2141 721 2194 ‘cum
746 2186 752 2197 .
773 2183 806 2196 ..
835 2141 865 2195 et
886 2138 916 2193 in
934 2137 1102 2195 Carseolano
1126 2141 1251 2207 itemque
1270 2137 1299 2193 in
1318 2139 1428 2193 Albano

252 2228 361 2298 generis
381 2227 492 2282 Aminei
510 2227 582 2284 vites
606 2227 768 2283 huiusmodi
790 2230 875 2283 notae
900 2226 1079 2283 habuerimus
1098 2271 1104 2284 .
1125 2271 1131 2282 .
1152 2271 1158 2282 .
1178 2229 1197 2284 .’
1236 2226 1429 2296 Carseolanus,

252 2318 387 2386 Albanus,
405 2317 578 2372 Ardeatinus
597 2317 659 2386 agri
676 2316 706 2371 in
724 2316 826 2372 finibus
840 2316 914 2371 Latii
928 2317 977 2371 siti
992 2316 1065 2386 sunt,
1083 2317 1163 2385 regio
1178 2315 1333 2372 Caeretana
1346 2315 1428 2370 Latio

251 2405 372 2460 finitima
390 2409 447 2472 est;
476 2423 532 2475 qno
561 2423 594 2461 ex
616 2404 776 2460 suburbano
800 2406 856 2461 situ
878 2406 954 2460 haud
978 2405 1036 2461 scio
1060 2422 1097 2459 an
1118 2403 1207 2459 nimia
1230 2422 1292 2459 cnm
1311 2402 1430 2459 audacia

252 2493 437 2550 Columellam
456 2495 563 2550 Romae
583 2493 758 2549 domicilium
776 2495 908 2549 habuisse
927 2494 1064 2549 Barbaret
1083 2492 1244 2564 collegerit,
1263 2492 1282 2548 l.
1301 2493 1319 2548 l.
1337 2511 1366 2564 p.
1385 2498 1429 2547 22.

325 2607 358 2655 19
378 2600 488 2670 agellos
507 2601 581 2656 enim
600 2618 657 2657 non
675 2601 827 2656 latifundia
849 2601 910 2671 ipse
928 2599 1045 2670 praedia
1068 2618 1119 2656 sua
1137 2589 1276 2670 appellat,
1301 2619 1322 2656 r.
1341 2619 1363 2657 r.
1381 2599 1429 2655 111.

252 2697 278 2759 3,
298 2694 345 2745 14:
365 2690 442 2744 ‘nam
460 2707 512 2744 nec
531 2691 680 2759 qnisquam
698 2689 780 2745 nobis
798 2689 883 2746 facile
898 2689 1059 2760 crediderit,
1078 2691 1188 2746 tantam
1205 2688 1235 2743 in
1250 2688 1350 2759 agellis
1369 2705 1430 2744 esse

252 2777 356 2833 nostris
375 2777 578 2834 abundantiam
598 2822 605 2836 .
625 2823 631 2834 .
653 2780 671 2834 .'

342 2873 376 2922 20
395 2867 648 2923 vehementissime
664 2885 710 2924 eos
724 2867 876 2938 vituperat,
890 2869 939 2938 qui
953 2868 1070 2938 praedia
1082 2885 1139 2923 non
1152 2867 1208 2939 ipsi
1222 2867 1430 2937 administrant,

251 2975 273 3012 r.
288 2975 310 3011 r.
328 2957 350 3012 I.
368 2958 457 3028 praef.
476 2965 506 3012 3:
527 2958 598 3013 ‘Nec
617 2961 681 3028 post
699 2958 770 3012 haec
788 2974 850 3012 reor
868 2956 1088 3028 intemperantia
1106 2957 1178 3013 caeli
1196 2956 1277 3013 nobis
1297 2957 1361 3026 ista,
1380 2958 1429 3012 sed

252 3048 348 3101 nostro
363 3045 459 3117 potins
476 3045 611 3108 accidere
621 3047 701 3114 vitio,
719 3044 845 3115 quirem
864 3046 998 3102 rusticam
1017 3046 1138 3116 pessimo
1158 3047 1259 3115 cuique
1277 3064 1430 3116 servorum,

254 3135 333 3189 velut
365 3135 502 3204 carnifici,
537 3151 628 3190 noxae
659 3134 801 3203 dedimus,
828 3152 913 3203 quam
945 3137 1083 3191 maiorum
1115 3137 1275 3191 nostrornm
1306 3135 1430 3206 optimus

254 3223 372 3292 quisque
392 3222 499 3293 optime
517 3222 703 3279 tractaverit!

343 3336 376 3384 21
397 3331 432 3386 cf.
451 3348 474 3385 r.
493 3349 515 3385 r.
530 3328 577 3388 111.
597 3337 623 3400 3,
644 3337 688 3386 13:
710 3331 892 3400 ‘quamquam
912 3333 1008 3386 nostra
1026 3347 1093 3386 cura
1111 3329 1142 3384 in
1160 3331 1271 3386 tantum
1290 3329 1347 3384 iam
1364 3346 1428 3399 pro-

254 3419 352 3488 cessit,
380 3421 413 3473 11
438 3436 495 3474 non
518 3418 602 3474 inviti
627 3419 765 3474 sexcentis
788 3419 880 3475 numis
907 3420 1019 3491 singula
1042 3419 1135 3474 millia
1160 3418 1321 3475 viviradicis
1343 3435 1361 3472 a
1384 3435 1429 3472 me

255 3508 355 3564 rustici
373 3509 541 3566 mercentur.
561 3541 594 3550 -
615 3514 648 3563 22
668 3509 704 3564 cf.
722 3528 744 3565 r.
763 3528 784 3568 r.
805 3509 909 3566 111.1a

342 3603 376 3653 23
396 3599 431 3654 cf.
451 3599 486 3652 de
504 3597 564 3654 arb.
583 3605 630 3666 2⁷3
653 3618 675 3654 r.
694 3618 716 3655 r.
736 3597 782 3654 IV.
801 3604 849 3668 29,
874 3605 922 3668 13;
946 3599 979 3656 V.
1000 3604 1044 3667 11,
1065 3606 1105 3655 12,
1125 3618 1151 3657 v.
1170 3616 1235 3670 pag.
1254 3604 1319 3668 9sq.

344 3691 379 3739 24
397 3688 432 3741 cf.
447 3704 468 3744 r.
483 3706 505 3742 r.
520 3687 565 3742 XI.
587 3695 611 3756 1,
630 3693 678 3743 31:
699 3686 814 3743 ‘Contra
828 3705 913 3757 quam
927 3688 1151 3744 observationem
1166 3687 1263 3742 multis
1282 3704 1430 3758 argumen-

254 3772 411 3827 tationibus
430 3774 593 3830 disseruisse
617 3792 662 3830 me
685 3793 742 3831 non
760 3777 865 3832 infitior
883 3777 912 3831 in
931 3777 966 3831 iis
985 3776 1078 3846 libris,
1103 3794 1172 3846 quos
1192 3777 1324 3832 adversus
1342 3779 1429 3832 astro·

254 3860 335 3929 logos
355 3876 573 3930 composueram.
603 3863 657 3918 Sed
670 3863 729 3918 illis
744 3864 981 3934 disputationibus
996 3865 1162 3936 exigebatur
1175 3865 1213 3935 id,
1233 3865 1308 3932 quod
1326 3864 1430 3935 impro-

256 3947 371 4003 bissime
390 3947 527 4004 Chaldaei
544 3951 712 4019 pollicentur
731 3995 737 4008 .
758 3994 764 4007 .
784 3995 791 4009 .
811 3955 829 4007 .'

344 4043 379 4094 21
398 4037 433 4094 cf.
448 4057 470 4094 r.
484 4057 506 4093 r.
522 4039 555 4092 11.
571 4044 614 4107 22,
634 4046 663 4094 52
683 4041 755 4097 ‘Hoc
773 4042 836 4098 loco
854 4044 961 4098 certum
975 4043 1067 4098 habeo
1086 4042 1221 4112 quosdam
1235 4059 1299 4097 cum
1318 4043 1428 4098 sollem-

254 4127 303 4181 nia
328 4127 464 4182 festomm
492 4128 713 4198 percensuerim,
746 4130 952 4188 desideraturos
986 4132 1184 4187 lustrationum
1216 4133 1428 4201 ceterorumque

255 4215 453 4272 sacrificiorum
473 4257 480 4272 .
500 4261 507 4275 .
526 4258 533 4272 .
552 4233 660 4272 morem
677 4216 776 4287 priscis
795 4225 967 4289 usurpatum.
995 4237 1047 4276 nec
1070 4220 1164 4276 abnuo
1183 4219 1303 4275 docendi
1321 4237 1427 4276 curam:

254 4305 303 4359 sed
318 4304 416 4362 differo
430 4305 539 4362 insum
558 4307 671 4378 librum,
691 4323 774 4377 quem
789 4324 954 4378 componere
968 4309 998 4363 in
1011 4309 1105 4365 animo
1120 4312 1172 4378 est,
1190 4327 1254 4364 cum
1269 4309 1426 4380 agricolati-

255 4394 316 4448 onis
335 4396 425 4450 totsm
445 4394 624 4466 disciplinam
642 4396 875 4467 praescripsero.'

342 4489 376 4540 26
396 4483 432 4541 cf.
448 4505 471 4540 r.
490 4504 512 4541 r.
531 4484 578 4541 vl.
597 4485 686 4556 prael.
705 4493 730 4543 3.
748 4506 775 4543 v.
794 4486 858 4542 adn.
878 4490 920 4542 98.
