3470 5124
794 333 1010 398 ..62-

315 509 460 563 sabulum:
491 510 576 578 atque
604 507 647 563 ita
673 524 729 562 non
755 507 847 563 solum
870 510 981 578 segetes
1000 506 1090 563 laetas
1110 506 1260 574 excitaret,
1288 505 1491 562 verumetiam

315 596 520 668 pulcherrimas
538 597 635 652 vineae
653 596 785 653 efficeret.
822 595 895 651 Nam
919 597 994 652 idem
1018 596 1142 666 negabat
1165 597 1272 651 stercus
1290 595 1396 651 vitibus
1415 594 1491 665 inge·

315 686 447 756 rendum,
475 686 551 755 quod
579 702 708 755 saporem
734 684 795 741 vini
817 688 1021 756 corrumperet:
1050 685 1251 753 melioremque
1275 683 1409 739 censebat
1431 699 1491 738 esse

315 774 463 830 materiam
481 773 631 830 vindemiis
650 773 835 830 exuberandis
854 774 1069 844 congesticiam,
1092 771 1139 830 vel
1156 773 1192 827 de
1206 772 1338 842 vepribus
1356 772 1403 829 vel
1416 772 1490 826 deni·

316 880 370 932 que
389 863 475 919 aliam
495 863 652 932 quamlibet
669 861 834 918 arcessitam
853 863 883 916 et
901 863 1051 918 advectam
1070 861 1194 917 humum.
1230 861 1291 915 Iam
1305 877 1372 916 vero
1390 863 1420 915 et
1438 875 1491 930 ego

315 969 379 1006 reor
400 993 406 1006 .
426 995 432 1008 .
452 952 472 1004 .’
510 971 532 1008 r.
551 970 573 1007 r.
593 951 626 1006 V.
646 957 671 1020 t,
691 957 737 1006 16:
760 951 808 1007 ‘ll
828 951 941 1022 quidem
961 949 1145 1007 Columella.
1165 994 1172 1008 .
1195 951 1329 1006 subortu
1348 948 1491 1004 caniculae

315 1039 434 1109 palmeis
452 1040 596 1111 tegetibus
614 1040 710 1097 vineas
728 1040 929 1110 adumbrabat,
956 1039 1089 1110 quonlam
1111 1040 1276 1111 plerumque
1299 1039 1369 1093 dicti
1392 1036 1491 1093 sideris

316 1131 442 1198 tempore
461 1130 600 1198 quaedam
613 1131 708 1198 partes
730 1129 789 1185 eius
809 1128 932 1199 regionis
946 1129 986 1185 sic
999 1128 1169 1184 infestantur
1183 1129 1265 1198 Euro,
1284 1144 1368 1199 quem
1381 1126 1490 1183 incolae

316 1217 489 1272 Vulturnum
507 1218 666 1288 appellant,
689 1219 733 1286 ut,
756 1218 811 1272 nisi
828 1217 1001 1288 tegminibus
1018 1216 1091 1273 vites
1113 1219 1279 1288 opacantur,
1306 1216 1384 1271 velut
1401 1216 1492 1271 halitu

315 1307 445 1363 flammeo
465 1306 571 1361 fructus
590 1307 707 1362 uratur!
736 1325 759 1362 r.
772 1324 794 1363 r.
809 1307 869 1362 XII.
883 1299 962 1375 21ss
973 1323 1027 1376 sq:
1048 1305 1208 1361 'Praeterea
1225 1306 1337 1360 foenum
1356 1303 1492 1360 Graecum

315 1395 473 1460 maceratur
496 1395 526 1448 in
548 1394 615 1451 vino
638 1397 733 1451 vetere
752 1412 802 1466 per
823 1396 947 1450 triduum
967 1436 973 1448 .
994 1438 1001 1451 .
1021 1437 1054 1450 ..
1092 1395 1153 1451 Hac
1171 1396 1319 1450 conditura
1337 1392 1492 1450 Columella

317 1485 436 1553 patruus
454 1499 546 1554 meus,
574 1483 693 1539 illustris
720 1483 846 1556 agricola
863 1483 906 1539 uti
925 1485 1025 1539 solitus
1044 1483 1136 1539 estin
1154 1482 1190 1538 iis
1208 1483 1317 1553 fundis,
1342 1483 1372 1537 in
1391 1482 1491 1551 quibus

320 1571 460 1642 palustres
479 1572 577 1628 vineas
594 1573 727 1627 babebat.
747 1572 903 1642 sedidem,
923 1589 987 1627 cum
1006 1572 1109 1628 collina
1128 1572 1195 1628 vina
1213 1572 1370 1640 condiebat,
1389 1588 1491 1640 aquam

319 1661 422 1716 salsam
437 1662 583 1718 decoctam
597 1662 634 1716 ad
648 1662 746 1717 tertias
765 1678 817 1732 pro
831 1662 891 1719 sale
910 1661 1059 1716 adiciebat.
1088 1678 1121 1717 ea
1139 1679 1222 1732 porro
1240 1661 1311 1715 facit
1329 1663 1388 1716 sine
1407 1659 1492 1715 dubio

318 1749 456 1805 maiorem
473 1767 633 1806 mensuram
652 1752 682 1806 et
700 1750 793 1805 odoris
813 1750 950 1806 melioris:
969 1751 1019 1805 sed
1037 1749 1193 1821 periculum
1211 1750 1300 1805 habet
1318 1792 1324 1805 .
1345 1792 1351 1805 .
1372 1750 1390 1803 .'
1429 1768 1451 1803 r.
1468 1767 1492 1804 r.

316 1837 377 1894 Xll.
395 1843 444 1894 40:
465 1839 550 1895 ‘Lora
569 1839 678 1909 optima
696 1839 736 1894 sic
754 1840 786 1894 fit
805 1881 811 1894 .
832 1883 838 1896 .
859 1881 866 1894 .
902 1839 981 1894 Hanc
1005 1840 1095 1910 ipsam
1119 1839 1210 1894 loram
1228 1838 1265 1895 M.
1285 1836 1440 1894 Columella
1458 1853 1492 1892 ex

316 1943 391 1996 aqua
409 1929 504 1983 vetere
523 1926 650 1983 faciebat
668 1931 697 1984 et
719 1945 917 1997 nonnunquam
945 1929 1009 1999 plus
1036 1927 1150 1984 biennio
1173 1927 1315 1983 innoxiam
1339 1926 1490 1982 servabat!

315 2034 337 2072 r.
357 2035 378 2073 r.
398 2015 459 2072 XII.
477 2022 522 2084 44,
541 2023 623 2086 5sq.:
649 2017 775 2073 ‘Marcus
794 2017 962 2085 Columella,
987 2019 1104 2088 patruus
1123 2034 1202 2072 meus
1221 2034 1254 2072 ex
1273 2033 1307 2072 ea
1325 2018 1414 2083 creta,
1438 2031 1493 2085 qua

318 2105 391 2158 fiunt
409 2107 575 2176 amphorae,
594 2105 654 2161 lata
671 2123 740 2161 vasa
758 2106 787 2161 in
806 2107 920 2161 modum
938 2105 1098 2177 patinarum
1116 2105 1177 2160 fieri
1191 2104 1318 2174 iubebat,
1344 2121 1434 2174 eaque
1452 2105 1492 2158 in·

316 2193 453 2249 trinsecus
474 2195 503 2248 et
523 2195 644 2250 exterius
664 2212 756 2250 crasse
774 2195 877 2266 picari:
897 2213 969 2265 quaa
985 2212 1048 2250 cum
1061 2197 1286 2266 praeparaverat,
1305 2197 1366 2248 tum
1381 2193 1493 2248 demum

316 2299 471 2352 purpureas
490 2285 519 2338 et
538 2283 684 2338 bumastos
703 2287 733 2339 et
750 2283 937 2340 Numasianas
956 2286 986 2340 et
1004 2283 1153 2339 duracinae
1176 2301 1246 2339 uvas
1263 2282 1323 2354 legi
1340 2281 1493 2352 praecipie-

317 2372 380 2441 bat,
404 2372 607 2442 pediculosque
631 2389 727 2428 aarum
752 2374 811 2428 sine
837 2389 918 2429 mora
945 2372 975 2428 in
997 2374 1152 2428 ferventem
1175 2373 1267 2443 picem
1285 2369 1398 2426 demitti
1417 2373 1446 2424 et
1462 2369 1493 2422 in

317 2459 469 2529 praedictis
488 2461 594 2532 patinis
613 2463 765 2532 separatim
790 2463 834 2517 sui
856 2461 990 2531 cuiusque
1009 2463 1119 2532 generis
1142 2462 1184 2516 its
1202 2459 1344 2531 componi,
1367 2477 1403 2514 ne
1421 2476 1493 2515 uvae

316 2548 389 2604 inter
404 2567 433 2606 se
448 2551 658 2620 contingerent:
677 2552 742 2620 post
756 2550 810 2606 hoc
824 2551 957 2621 opercula
971 2550 1122 2620 superponi
1136 2556 1165 2605 et
1179 2550 1268 2605 oblini
1280 2565 1374 2605 crasso
1388 2565 1491 2620 gypso:

316 2637 378 2691 tum
397 2638 509 2692 demum
524 2637 588 2708 pice
603 2638 681 2708 dura,
701 2655 773 2707 quae
787 2639 848 2709 igni
862 2639 972 2708 liquata
985 2642 1067 2704 esset,
1086 2640 1125 2694 sio
1143 2639 1243 2709 picari,
1261 2655 1297 2693 ne
1317 2637 1380 2708 quis
1393 2637 1494 2692 humor

317 2726 439 2782 transire
454 2729 560 2797 posset.
579 2729 640 2782 tota
650 2729 750 2784 deinde
765 2745 834 2784 vasa
846 2729 875 2783 in
887 2745 961 2798 aque
975 2727 1092 2783 fontana
1104 2728 1152 2784 vel
1162 2728 1313 2784 cisternina
1326 2727 1496 2797 ponderibus

318 2815 458 2884 impositis
476 2816 575 2886 mergi,
593 2833 646 2872 nec
664 2816 753 2872 ullam
775 2819 885 2887 partem
904 2834 999 2873 earum
1017 2817 1078 2888 pati
1097 2819 1215 2874 exstare.
1254 2816 1308 2871 Sed
1328 2859 1335 2872 .
1356 2860 1361 2872 .
1382 2860 1388 2874 .
1414 2815 1494 2872 Nihil

319 2906 475 2960 esttamen
494 2906 598 2960 certius
617 2922 701 2974 quam
721 2948 728 2960 .
748 2948 755 2962 .
774 2907 798 2962 .’

413 3015 445 3065 10
463 3029 484 3067 r.
500 3029 522 3068 r.
538 3011 596 3068 VII.
611 3017 637 3082 2,
656 3017 736 3082 4sq.:
758 3013 834 3069 ‘nam
851 3031 913 3069 cum
928 3013 957 3069 in
971 3012 1154 3084 municipium
1169 3013 1340 3070 Gaditanum
1354 3030 1388 3068 ex
1401 3013 1494 3070 vicino

317 3098 429 3154 Africae
452 3098 516 3155 miri
542 3102 643 3157 coloris
667 3099 811 3158 silvestres
830 3119 863 3158 ac
887 3103 940 3158 feri
959 3102 1060 3157 arietes
1084 3102 1158 3159 sicut
1180 3104 1253 3159 aliae
1271 3104 1380 3158 bestiae
1398 3119 1494 3158 mune·

318 3187 400 3244 rariis
419 3189 643 3260 deportarentur,
662 3191 698 3246 M.
715 3190 879 3262 Columella,
897 3193 1014 3261 patruus
1028 3209 1107 3247 meua
1127 3234 1178 3250 ...
1198 3193 1335 3262 quosdam
1353 3194 1495 3248 mercatus

317 3278 347 3332 in
366 3295 449 3348 agros
468 3279 614 3334 transtulit
632 3281 662 3334 et
680 3281 887 3337 mansuefactos
906 3280 990 3337 tactis
1005 3280 1104 3336 ovibus
1123 3281 1239 3336 admisit
1258 3325 1264 3336 .
1280 3324 1309 3336 ..
1336 3282 1397 3338 Hoc
1411 3281 1493 3337 modo

318 3366 475 3422 Columella
499 3367 612 3424 dicabat
635 3370 859 3438 qualemcunque
882 3370 1013 3440 speciem,
1041 3387 1113 3439 quae
1139 3369 1224 3425 fuerit
1251 3369 1281 3425 in
1303 3370 1416 3440 bestiis,
1443 3387 1494 3439 per

319 3457 452 3524 nepotum
472 3456 577 3526 gradrm
597 3458 729 3526 mitigata
747 3458 859 3513 feritate
878 3459 1016 3514 rediissa.’

408 3566 440 3614 11
461 3563 631 3618 auctoritate
649 3565 734 3632 atque
753 3564 910 3620 eruditione
925 3568 1037 3635 praeter
1052 3567 1159 3621 ceteros
1178 3566 1309 3622 florebat:
1327 3584 1349 3621 r.
1364 3585 1386 3621 r.
1400 3566 1435 3620 Π.
1451 3570 1493 3634 16,

317 3655 403 3719 4sq.;
424 3650 458 3705 V.
478 3656 503 3721 t,
523 3657 569 3720 153
593 3651 653 3708 v11.
672 3657 703 3722 2,
723 3660 804 3720 tsq.;
824 3653 886 3708 XII.
904 3660 948 3721 21,
967 3659 1050 3724 leq:
1077 3652 1107 3709 in
1127 3655 1188 3710 uvis
1207 3655 1406 3712 conservandis
1425 3654 1494 3710 satis

318 3757 450 3810 magnam
463 3741 610 3810 pecuniam
626 3741 824 3796 consumebat:
842 3761 864 3796 r.
879 3761 902 3796 r.
917 3741 978 3798 XII.
993 3750 1036 3810 44,
1056 3748 1087 3811 53
1107 3742 1279 3800 diversarum
1298 3742 1494 3799 condicionum

318 3846 401 3898 agros
418 3829 597 3900 possidebat:
622 3850 644 3886 r.
663 3848 684 3886 r.
704 3830 763 3886 XII.
783 3837 826 3900 21,
845 3838 925 3900 3sq.;
953 3831 988 3886 ab
1015 3830 1137 3887 externis
1162 3831 1297 3887 arietibus
1321 3831 1444 3888 emendis
1465 3848 1494 3886 se

319 3936 376 3973 non
394 3917 545 3974 abstinuit:
564 3938 585 3975 r.
605 3938 626 3974 r.
646 3919 706 3975 VII.
725 3926 751 3989 2,
770 3925 838 3989 4sq.

409 4031 441 4080 12
461 4025 493 4080 ln
510 4025 650 4097 Hispania
668 4026 785 4082 Baetica
802 4044 860 4082 rem
880 4025 1014 4082 rusticam
1032 4026 1160 4082 floruisse
1176 4027 1370 4082 demonstrant
1387 4026 1495 4082 nummi

318 4115 402 4184 spicis
421 4115 521 4172 ornati.
559 4115 688 4170 Ceterum
707 4116 831 4171 veterem
849 4114 982 4172 Baeticae
1007 4133 1070 4172 cum
1089 4115 1186 4170 Africa
1204 4133 1284 4170 usum
1303 4115 1494 4172 intercessisse

321 4220 402 4258 nemo
420 4203 518 4260 nescit.

408 4297 441 4348 13
461 4292 498 4349 cf.
510 4311 533 4347 r.
548 4311 570 4350 r.
588 4294 609 4349 I.
629 4295 717 4363 praef.
737 4298 784 4348 20:
806 4291 972 4350 ‘vindemias
992 4293 1137 4349 condimus
1157 4311 1191 4348 ex
1209 4293 1309 4348 insulis
1326 4291 1493 4364 Cycladibus

318 4399 352 4438 ac
370 4381 534 4452 regionibus
554 4383 676 4438 Baeticis
696 4425 702 4439 .
723 4425 729 4438 .
749 4383 769 4436 .'
811 4402 832 4439 r.
851 4401 873 4436 r.
892 4381 938 4439 XI.
957 4388 983 4451 2,
1002 4389 1049 4438 60:
1079 4381 1269 4447 ‘Quibusdam
1295 4382 1380 4451 locis,
1409 4386 1440 4438 ut
1465 4382 1494 4436 in

318 4469 434 4527 Baetica
452 4470 601 4525 maritimis
620 4471 783 4544 regionibns
802 4474 831 4527 et
847 4470 877 4526 in
896 4470 991 4526 Airica
1008 4470 1153 4526 vindemia
1171 4471 1336 4528 conficitur!
1374 4489 1396 4529 r.
1410 4488 1432 4528 r.
1448 4471 1494 4528 XI.
