3470 5124
821 356 1037 421 ..4g...

340 535 477 615 invenit,
500 534 629 600 omissis
652 535 785 599 testium
805 535 992 600 nominibus
1013 555 1070 600 sao
1091 535 1248 619 opusculo
1267 533 1405 600 inseruit
1419 534 1516 600 Tusci

340 643 534 729 cognomine
558 664 676 708 vanum
704 641 738 706 in
761 642 919 708 Etruscae
944 641 1110 707 doctrinae
1138 645 1305 724 stuporem
1333 640 1515 726 perductae.

429 746 492 813 Sed
515 749 595 814 haec
618 748 784 813 hactenus.
822 747 1003 814 Redeamus
1028 748 1068 812 ad
1093 745 1316 813 Columellam.
1357 747 1515 833 Inspectis

340 855 479 920 testibus
495 859 528 920 et
546 855 681 939 quales
701 855 853 921 codices
869 853 1088 920 Columella
1107 854 1332 920 adhibuerit
1350 858 1387 919 et
1406 877 1514 939 quam

339 963 531 1030 rationem
554 962 593 1026 in
612 961 879 1027 exscribendis
899 964 1099 1026 auctorum
1117 962 1247 1028 verbis
1271 965 1428 1026 secutus
1451 961 1516 1045 sit,

341 1069 569 1134 examinemus.
620 1067 728 1152 Atque
764 1089 805 1132 ne
838 1069 978 1152 repetita
1009 1069 1144 1134 testium
1181 1069 1366 1134 recensione
1402 1067 1515 1151 fatige-

343 1199 424 1261 mur,
447 1179 673 1242 convertamur
687 1174 727 1240 ad
742 1174 958 1260 Vergilium
977 1175 1191 1241 clarissimum
1213 1175 1260 1240 rei
1274 1175 1414 1241 rusticae
1427 1196 1517 1259 prae·

319 1305 464 1348 eonem.

431 1388 672 1454 Proficiscimur
687 1413 706 1454 a
720 1389 892 1455 Ribbeekii
906 1385 1085 1455 indiciam:
1109 1389 1291 1457 ‘Oolmnella
1308 1389 1363 1454 ubi
1380 1409 1418 1454 en
1432 1408 1515 1472 peor-

336 1497 416 1579 picis
446 1496 539 1561 enta
569 1498 636 1562 suis
659 1498 832 1580 praeceptis
863 1498 1025 1583 immiscet,
1057 1518 1152 1579 quam
1182 1497 1338 1580 neplepens
1363 1496 1516 1579 penninos

337 1604 502 1668 raemoriae
524 1604 578 1686 sit,
603 1605 681 1668 satis
703 1605 925 1684 demonstrant,
948 1625 1026 1686 puae
1048 1605 1091 1670 ad
1112 1603 1203 1668 IIII.
1221 1591 1269 1669 '89
1283 1624 1345 1685 sqq.
1369 1602 1515 1667 adnotari

339 1710 767 1795 etpraeteru119d197,
789 1710 860 1776 111.
881 1717 929 1776 70.
977 1708 1110 1793 Mutato,
1133 1716 1169 1775 ut
1191 1711 1289 1795 libuit,
1311 1710 1418 1775 ordine
1435 1729 1515 1774 acco-
1607 1782 1612 1788 .

340 1818 474 1882 modaatt
496 1817 630 1881 orationi
650 1817 791 1898 frustula
808 1822 928 1902 poetae,
951 1817 1058 1900 quatio
1079 1818 1144 1899 fere
1166 1819 1202 1882 in
1223 1820 1322 1881 mente
1343 1814 1515 1880 mactant.

341 1925 463 2007 eremit,
486 1924 568 2006 quod
588 1944 627 1988 ne
649 1927 748 1988 tentus
769 1923 892 2005 quidem
915 1920 1100 1988 UotumelZae
1121 1945 1171 2003 eu,
1198 1945 1260 2006 qua
1283 1943 1359 2006 opus
1381 1928 1426 1988 est
1446 1921 1515 1987 ddi·

337 2032 443 2114 pentia
465 2031 567 2095 adhuc
584 2035 791 2113 pertractatus
813 2028 878 2095 est?
922 2029 971 2095 Ac
993 2031 1135 2115 primum
1159 2030 1289 2114 quidem
1308 2029 1346 2092 de
1370 2029 1513 2094 versibus

341 2136 397 2202 Ge.
415 2136 487 2204 lllL
503 2137 544 2202 89
557 2158 626 2222 sqq.
645 2137 838 2202 sententiam
858 2137 957 2202 laturi
981 2138 1071 2220 ipsos
1091 2158 1201 2202 versus
1225 2158 1297 2201 cum
1313 2133 1514 2200 Columellas

338 2245 413 2309 loco
437 2265 678 2328 componamus.

426 2350 495 2418 Col.
514 2373 539 2417 r.
558 2374 582 2417 r.
601 2350 656 2415 IX.
681 2353 737 2417 10:
1042 2349 1140 2434 Verg.
1160 2349 1216 2415 Ge.
1234 2348 1326 2415 IIII.:

382 2457 476 2523 ‘Sunt
501 2463 603 2523 autem
630 2459 657 2522 ii
683 2479 766 2542 repes
787 2459 898 2541 paullo
997 2458 1049 2521 67.
1090 2456 1162 2522 ‘Sin
1184 2462 1287 2523 numm
1313 2459 1358 2522 ad
1374 2479 1514 2540 murrum

335 2570 366 2629 et
391 2564 510 2648 obtonpi
537 2563 637 2646 mayis
663 2585 758 2646 quam
787 2569 900 2629 εείεναε
952 2564 1092 2648 exierint,
1114 2585 1191 2629 nam
1212 2586 1301 2648 saepe
1322 2565 1439 2630 duobus

336 2692 422 2755 apes,
451 2671 578 2753 quidam
600 2671 694 2734 etiam
717 2671 832 2751 infusci
854 2677 899 2735 at
997 2671 1119 2755 rupibus
1132 2672 1257 2737 incessit
1273 2692 1385 2755 mopno
1402 2673 1513 2736 discor-

335 2799 393 2861 que
409 2777 524 2844 hirsuti
540 2778 745 2862 reperiuntur,
767 2799 898 2860 quorum
954 2779 1008 2843 dio
1031 2784 1114 2843 motu
1134 2828 1141 2842 .
1161 2831 1167 2844 .
1188 2830 1195 2845 .

333 2906 392 2967 pro
414 2885 522 2950 traditu
544 2885 708 2950 damnabis
731 2886 898 2969 inpeninm.
997 2886 1048 2951 89.
1076 2887 1205 2950 deterior
1231 2886 1285 2968 qui
1311 2886 1410 2970 risus,
1436 2905 1514 2968 eum,

381 2991 548 3076 “Namque
570 2993 649 3058 duae
675 3013 781 3076 repam
801 2993 899 3074 facies
951 3013 990 3058 nc
1006 2994 1157 3076 prodinus
1179 2992 1265 3076 obsit,

337 3101 402 3164 dua
423 3120 552 3182 corpora
571 3100 684 3184 pertis„
998 3100 1049 3165 90.
1072 3101 1144 3164 dede
1165 3101 1247 3177 neei;
1277 3099 1387 3164 metior
1415 3119 1513 3164 uacua

379 3207 470 3272 Alter
492 3207 550 3272 erit
567 3207 698 3272 macutes
713 3228 791 3271 auro
809 3227 899 3289 squar
952 3207 1019 3272 sine
1039 3211 1144 3290 repnet
1165 3206 1200 3270 in
1222 3206 1308 3271 autu.

336 3315 465 3380 nudius
486 3315 600 3379 erdem
996 3314 1048 3378 91.
1079 3315 1157 3378 atter
1188 3314 1249 3378 erit
1278 3312 1409 3378 maculis
1435 3332 1513 3377 auro

379 3427 408 3486 et
428 3422 534 3486 rutilis
561 3421 664 3485 riorus
686 3420 824 3503 squamis
848 3421 895 3484 in·
950 3420 1158 3502 squalentibus
1180 3421 1300 3486 ardens.

334 3529 432 3611 siquis
455 3533 484 3591 et
505 3526 587 3593 ore.''
995 3527 1046 3591 92.
1070 3526 1157 3591 Nam
1175 3527 1236 3591 duo
1253 3531 1326 3592 sum
1335 3547 1449 3609 persero
1462 3525 1511 3590 die

379 3634 480 3716 Atque
505 3632 555 3699 dio
583 3634 719 3699 mactate
733 3633 894 3716 probatur,
947 3634 1056 3698 metior
1077 3633 1209 3716 insipnis
1231 3637 1260 3697 et
1282 3653 1333 3697 ενε

334 3743 389 3824 qui
401 3745 445 3806 est
462 3740 577 3826 melior,
594 3762 672 3805 nam
684 3741 814 3806 dnnior
832 3760 893 3805 sor·
992 3741 1044 3804 93.
1067 3743 1096 3805 et
1115 3740 1220 3805 rutilis
1246 3739 1350 3804 clamis
1370 3741 1509 3823 squama

333 3850 405 3914 dido
418 3852 506 3930 sputa
519 3848 633 3914 simdie
647 3853 711 3912 tam
722 3849 830 3929 faedus
843 3851 893 3931 est,
946 3847 999 3911 itte
1020 3846 1166 3912 horridus
1188 3847 1266 3910 alter

380 3953 497 4039 “quam
512 3956 641 4039 petione
661 3955 701 4020 ab
723 3955 786 4020 atto
993 3953 1044 4017 94.
1067 3954 1186 4018 desidia
1209 3954 1367 4035 laetumque
1385 3953 1509 4018 trudens

379 4084 447 4128 curn
460 4064 582 4128 renitet
594 4062 670 4127 sicco
685 4066 799 4126 terram
812 4061 896 4146 spuit
947 4061 1099 4144 inplorius
1122 4060 1232 4125 alvom.

335 4191 385 4236 ore
406 4168 539 4236 uiator.''
594 4175 604 4184 “
993 4166 1045 4232 95.
1088 4165 1129 4233 Ut
1158 4167 1247 4232 binae
1278 4187 1383 4250 repum
1412 4166 1510 4248 scens

377 4278 424 4342 Et
444 4281 480 4341 ut
500 4278 581 4342 ε’ᾶενν
603 4277 668 4342 ait:
948 4274 996 4338 ita
1017 4295 1145 4356 corpora
1160 4274 1269 4357 pletis.

380 4382 535 4448 “Desidia
576 4384 731 4464 latamque
771 4381 895 4447 trahens
993 4381 1045 4444 96.
1067 4401 1200 4462 nomem
1216 4380 1300 4445 aliae
1317 4386 1420 4462 turpes
1439 4380 1508 4444 tror-

334 4491 486 4576 inptorius
508 4487 642 4554 aioum.’'
948 4492 1023 4572 rent,
1046 4507 1099 4552 cett
1114 4488 1241 4570 putrere
1262 4487 1301 4551 ab
1323 4487 1429 4552 atto.
