3470 5124
740 343 959 406 ,13-

262 520 357 584 stulis
377 520 575 584 mentionem
594 516 711 584 facitll
743 518 857 602 Neque
872 538 949 603 ergo
969 517 1070 582 nimia
1089 518 1223 583 audacia
1245 518 1436 584 concludere

261 625 342 690 mihi
365 626 477 691 videor
501 629 558 690 aut
581 627 615 690 in
635 625 821 690 Ardeatinis
846 629 902 690 aut
920 625 954 689 in
968 622 1108 690 Albanis
1128 623 1342 691 Columellam
1363 646 1435 690 eum

262 732 403 797 Annaeis
428 733 656 798 commercium
677 732 838 798 habuisse.
886 731 992 815 Adde,
1015 731 1104 816 quod
1127 729 1235 796 Gallio
1260 736 1293 795 et
1317 729 1438 796 Seneca

263 838 432 905 Cordubae
455 840 526 904 nati
545 837 743 905 Columellae
762 839 937 923 populares
957 836 1092 904 erant*32
1129 837 1331 904 Postremum
1350 837 1438 902 haud

263 947 328 1011 scio
366 969 408 1011 an
445 947 517 1031 quis
548 968 615 1011 non
653 945 762 1029 inepte
797 948 955 1010 memoret
987 945 1160 1030 adoptione
1191 943 1235 1010 M.
1265 941 1436 1009 Annaeum

261 1052 426 1118 Nouatum
451 1054 485 1118 in
503 1056 635 1138 gentem
653 1052 782 1117 Iuniam
801 1056 966 1137 receptum
990 1073 1069 1137 esse,
1093 1052 1183 1117 cuius
1206 1053 1239 1116 iu
1263 1052 1437 1136 gentilium

261 1181 395 1226 numero
420 1157 634 1226 Columellam
658 1181 786 1244 quoque
810 1181 880 1224 esse
903 1158 989 1223 infra
1012 1163 1199 1245 exponetur.
1207 1155 1233 1194 ⁶⁵
1278 1158 1386 1242 Atque
1410 1157 1438 1223 si

264 1264 463 1351 Gallionem,
494 1265 693 1332 Columellas
722 1266 874 1350 amicum,
908 1253 1047 1330 Senecae
1077 1265 1211 1330 fratrem
1243 1265 1344 1330 fuisse
1375 1265 1438 1328 tibi

261 1394 468 1458 persuasero,
499 1373 579 1458 iam,
609 1373 735 1456 quade
759 1395 857 1438 causa
885 1372 1029 1436 eiusdem
1052 1371 1229 1454 Gallionis,
1258 1393 1378 1456 aquo,
1401 1374 1439 1436 ut

262 1479 408 1545 versibus
437 1479 526 1545 horti
549 1480 710 1544 culturam
733 1479 886 1564 traderet,
909 1501 979 1544 sese
997 1483 1180 1563 permotum
1205 1500 1275 1543 esse
1299 1479 1438 1562 scriptor

261 1608 346 1651 nono
370 1586 455 1651 libro
480 1590 602 1670 narrat,
610 1583 636 1622 ⁶⁴
659 1586 783 1652 decimo
806 1586 891 1651 libro
914 1607 980 1651 non
1003 1585 1062 1651 fiat
1085 1585 1221 1670 mentio,
1250 1585 1347 1650 facile
1370 1606 1438 1668 per-

262 1694 390 1777 spicies3
426 1715 543 1776 nempe
574 1693 680 1777 spatio
711 1692 796 1758 inter
826 1715 948 1758 nonum
972 1692 1193 1776 decimamque
1217 1692 1319 1756 libros
1342 1692 1439 1756 inter·

261 1800 371 1883 posito
403 1799 510 1865 Gallio
541 1801 685 1865 animam
715 1797 883 1864 efflavit.⁶⁵
928 1799 1099 1865 Faciamus
1131 1820 1208 1885 ergo
1240 1821 1312 1864 cum
1343 1797 1438 1863 Gess-

261 1928 339 1972 nero
346 1959 355 1992 ,
390 1906 586 1974 Schneidero
617 1907 705 1991 aliis,
741 1907 796 1991 qui
828 1904 1024 1990 Gallionem,
1058 1905 1258 1971 Golumellae
1289 1905 1439 1988 amicum,

265 2012 563 2080 Senecaefratrem
586 2018 666 2078 natu
690 2013 846 2077 maiorem
870 2013 971 2077 fuisse
994 2009 1245 2078 consentiunt.⁶⁶
1413 2015 1415 2018 ’

353 2119 443 2184 Haec
473 2120 513 2184 de
536 2118 686 2184 Gallione
717 2119 867 2183 attulisse
900 2121 981 2184 satis
1010 2119 1126 2184 habeo.
1193 2118 1311 2184 Restat
1340 2123 1377 2184 ut
1399 2120 1438 2184 de

263 2223 430 2290 Glaudio
454 2225 668 2309 Augustali
691 2246 795 2309 agam.

355 2332 394 2397 R.
418 2355 443 2397 r.
466 2331 523 2397 XI.
548 2333 565 2396 1
591 2331 744 2415 legimus:

352 2438 517 2505 ‘Claudias
529 2438 723 2523 Arryastaiis,
746 2443 810 2502 tam
834 2439 985 2520 iaaeaaae
1002 2443 1134 2504 maturae
1148 2459 1241 2521 qaam
1255 2440 1437 2505 eruditionis

265 2546 444 2630 adokscms,
467 2545 673 2628 complurium
694 2546 903 2610 studiosorum
925 2549 955 2610 et
968 2546 1135 2628 praecipue
1153 2547 1360 2631 agricolarum
1376 2567 1437 2612 ser-

264 2653 406 2718 mom'das
433 2654 613 2736 instigatus,
639 2652 758 2718 extudit
779 2652 870 2737 miti,
897 2653 997 2718 aalma
1018 2652 1177 2718 tortorum
1194 2673 1291 2736 prosa
1313 2657 1349 2718 at
1370 2675 1438 2719 ora-

263 2761 344 2824 tioue
374 2780 582 2843 componerem
715 2760 800 2825 uilici
826 2759 938 2842 officiis
969 2781 1048 2842 qaae
1076 2761 1218 2842 quamuis
1248 2761 1353 2843 primo
1392 2761 1439 2824 rei

263 2868 396 2932 rusticae
432 2866 509 2932 latro
540 2867 646 2932 videar
676 2867 872 2949 aliquatenus
904 2872 1070 2946 crematas,
1101 2869 1249 2949 quoniam
1277 2871 1381 2932 tamea
1402 2888 1439 2932 ca

263 2975 362 3039 simili
387 2975 535 3040 desiderio
568 2978 670 3038 aester
692 2973 877 3057 Augustalis
906 2974 1029 3057 saepias
1057 2974 1232 3058 flagitabat,
1266 2994 1439 3057 eameram,

264 3101 352 3162 quem
382 3081 449 3144 iam
476 3081 568 3162 quasi
589 3099 872 3146 consummaveram
898 3081 1090 3146 caluminam
1117 3081 1230 3145 excessi
1256 3085 1286 3146 et
1306 3080 1361 3146 laec
1382 3101 1439 3146 aa·

265 3187 416 3251 decimum
433 3191 629 3268 praeceptum
652 3187 864 3252 masticatioais
886 3187 1051 3251 memoriae
1068 3183 1217 3269 prodidi?

354 3291 483 3358 Nomen
502 3291 705 3378 gentilicium
723 3291 807 3356 nihil
827 3292 929 3376 docet,
953 3313 1026 3356 curn
1046 3293 1126 3356 duae
1145 3295 1260 3378 gentes
1275 3289 1440 3376 Claudiae,

266 3400 371 3464 altera
399 3399 538 3482 patricia
567 3399 670 3464 altera
699 3398 839 3482 plebeia,
869 3401 1006 3464 exstent.
1053 3397 1273 3484 ‘Augustalis'
1306 3402 1363 3464 aut
1386 3420 1437 3464 co-

264 3506 429 3591 gnominis
462 3509 519 3571 aut
552 3505 723 3590 dignitatis
755 3506 822 3571 vim
855 3505 1008 3571 continet.
1064 3504 1277 3591 Gognominis
1308 3506 1374 3570 vim
1405 3506 1440 3569 in

264 3613 423 3678 vocabulo
448 3635 485 3677 eo
514 3613 621 3677 inesse
645 3610 834 3694 Schneider,
865 3611 903 3677 de
926 3611 1000 3697 Vit,
1029 3612 1130 3678 Klebs
1160 3609 1332 3679 censent.⁶⁷
1377 3611 1440 3677 Sed

266 3719 471 3804 cognominis
502 3719 725 3802 exemplorum
754 3719 789 3783 in
813 3716 1020 3785 Onomastico
1052 3720 1224 3785 allatorum
1252 3719 1440 3804 antiquissi-

266 3846 355 3889 mum
384 3824 518 3889 Traiani
548 3825 749 3909 temporibus
779 3825 922 3890 debetur.
976 3823 1140 3891 Nimirum
1163 3826 1358 3911 Augustalis
1387 3847 1439 3891 co-

265 3951 408 4016 gnomen
438 3953 476 3994 ex
505 3931 603 3996 titulo
632 3935 740 3996 ortum
764 3936 822 3997 est.
868 3931 1102 4015 Augustalium
1131 3934 1217 3997 enim
1246 3933 1376 3997 nomine
1407 3936 1440 3996 et

267 4037 393 4102 sodales
416 4040 449 4102 et
472 4038 616 4122 collegae
640 4037 839 4122 Augustales
864 4039 1022 4122 appellati
1045 4043 1129 4104 sunt.

355 4142 521 4210 Sodalium
544 4143 777 4228 Augustalium
808 4144 1024 4210 sacerdotium
1055 4167 1140 4210 anno
1168 4167 1198 4228 p.
1224 4143 1298 4211 Ghr.
1323 4151 1438 4230 quarto

266 4251 390 4316 decimo
405 4250 557 4334 Augusto
578 4253 706 4316 mortuo
727 4273 747 4314 a
761 4250 891 4315 'liberio
916 4252 1008 4335 genti
1029 4250 1132 4317 Iuliae
1156 4274 1285 4318 sacrum
1307 4252 1439 4318 institu-

266 4361 335 4422 tum
368 4361 429 4441 est,
463 4379 536 4422 cum
569 4380 586 4420 e
615 4358 812 4441 primoribus
845 4357 987 4422 civitatis
1017 4381 1100 4424 unus
1135 4363 1168 4423 et
1197 4358 1316 4443 viginti
1352 4364 1439 4424 sorte

268 4464 458 4530 ducerentur
476 4467 573 4552 atque
588 4463 737 4530 Tiberius
753 4463 941 4550 Drususque
960 4467 992 4530 et
1007 4463 1161 4532 Claudius
1181 4468 1213 4532 et
1229 4464 1438 4532 Germanicus
