3470 5124
731 359 948 426 -59-

257 537 317 602 diti
340 537 505 605 debentur.
541 536 628 604 Hinc
651 535 744 603 Sueci
768 537 854 603 docti
873 536 1072 604 Columellas
1096 537 1259 603 codicibus
1283 537 1431 604 eruendis

257 643 468 729 explicandis,
500 645 717 712 describendis
749 643 951 710 conferendis
982 644 1082 710 dediti
1111 644 1284 730 profanum
1313 644 1430 730 volgus

257 748 426 818 arcanum

346 966 471 1050 Atque
499 969 541 1032 ut
569 988 749 1032 summam
783 987 913 1032 eorum
950 987 1046 1052 quae
1079 965 1245 1031 disserui
1275 966 1430 1051 faciam,

118 1155 120 1158 .
256 1074 349 1139 haec
372 1073 704 1139 demonstravisse
727 1073 823 1138 mihi
845 1073 994 1140 videor:

348 1178 384 1244 L.
406 1179 519 1246 Iunius
543 1179 578 1246 L.
602 1181 624 1245 f.
643 1177 715 1244 Gal.
755 1179 944 1246 Moderatus
968 1177 1157 1264 Columella,
1179 1177 1325 1245 Gadibus
1348 1181 1434 1246 circa

258 1290 391 1352 nostrae
416 1309 510 1352 aerae
533 1285 663 1352 initium
686 1291 794 1372 natus,
818 1310 837 1352 a
859 1289 977 1370 patruo
1001 1285 1163 1352 Gaditano
1186 1308 1255 1352 rem
1278 1287 1432 1353 rusticam

257 1393 378 1459 didicit.
423 1393 584 1477 Hispania
613 1393 729 1459 relicta
750 1393 889 1480 Romae,
919 1397 955 1458 ut
985 1396 1056 1458 erat
1084 1392 1171 1458 haud
1199 1393 1337 1478 ignobili
1361 1393 1432 1460 loco

256 1504 366 1586 natus,
398 1499 596 1567 Graecorum
623 1499 909 1586 Romanorumque
942 1500 1089 1564 doctrina
1122 1500 1267 1565 animum
1294 1501 1435 1567 excoluit

258 1610 315 1672 aut
336 1606 578 1672 Moderatcrnm
607 1607 865 1691 propinquorum
893 1609 951 1671 aut
978 1607 1077 1670 alieni
1105 1607 1269 1672 cuiusdam
1293 1607 1434 1673 rhetoris

258 1713 388 1780 scholas
415 1714 633 1797 frequentans.
684 1713 723 1778 In
752 1711 883 1778 Ciliciae
912 1711 1089 1798 Syriaeque
1116 1713 1236 1780 finibus
1264 1715 1433 1780 tribunatu

257 1821 394 1886 militari
416 1821 557 1900 iunctus,
581 1841 653 1885 eum
678 1820 713 1885 in
735 1819 864 1884 Italiam
888 1819 1022 1905 rediret,
1045 1819 1180 1885 Tarenti
1204 1821 1310 1906 elogio
1333 1820 1434 1886 hono·

256 1929 347 1992 ratus
382 1931 441 1992 est.
496 1925 578 1991 Tum
617 1927 652 1990 in
685 1927 793 2012 agello
822 1925 1000 1991 Ardeatino
1033 1927 1238 1992 rusticationi
1271 1949 1305 1992 sc
1337 1928 1433 1993 dedit.

259 2033 420 2110 Quattuor
440 2033 563 2119 agellos
583 2034 742 2099 nominat:
761 2030 986 2118 Ardeatinam,
1000 2030 1172 2117 Albanum,
1192 2031 1433 2119 Carseolanum,

258 2137 481 2204 Caeretanum.
526 2139 655 2205 Tiberio
683 2140 878 2224 imperatore
907 2143 1081 2224 praecepta
1110 2140 1231 2205 rustica
1254 2140 1355 2206 edidit
1376 2163 1435 2226 per

256 2250 324 2310 tres
358 2245 490 2311 minime
520 2245 621 2312 libros
650 2247 691 2312 ad
718 2245 857 2330 Eprium
878 2244 1070 2312 Marcellum
1103 2246 1221 2312 missos
1254 2247 1434 2332 dispertita,

257 2375 393 2437 quorum
415 2352 635 2439 fragmentum
659 2353 741 2418 liber
773 2353 812 2418 de
843 2353 1012 2418 arboribus
1045 2355 1166 2438 exstat,
1196 2353 1339 2440 antiquis
1367 2355 1432 2419 iam

257 2460 457 2544 temporibus
480 2459 566 2524 falso
590 2460 661 2525 loco
689 2460 723 2525 in
747 2460 795 2524 rei
822 2461 963 2526 rusticae
993 2459 1157 2526 codicibus
1180 2460 1315 2544 positus.
1361 2459 1432 2538 Quo

258 2587 296 2630 ex
333 2588 429 2650 opere
465 2565 591 2632 Plinius
628 2565 792 2632 Secundus
829 2566 950 2632 hausit.
1010 2564 1209 2633 Columellas
1250 2568 1432 2652 exemplum

259 2673 359 2737 secuti
384 2672 528 2753 Atticus,
556 2672 683 2758 Celsus,
711 2671 889 2739 Graecinus
914 2674 955 2738 ad
983 2675 1192 2758 scriptionem
1215 2675 1372 2739 rusticam
1397 2697 1430 2740 se

258 2783 495 2845 converterunt.
540 2779 617 2864 Ipse
641 2780 997 2866 adversus-astrologos
1020 2781 1122 2846 libros
1142 2781 1324 2867 composuit
1347 2804 1433 2847 nunc

257 2886 411 2973 perditos.
447 2885 665 2951 Familiariter
684 2909 760 2952 usus
780 2890 829 2951 est
849 2887 1001 2970 agricolis
1020 2887 1143 2966 vicinis,
1163 2885 1308 2952 Caeretis
1328 2888 1432 2953 hemi-

257 2993 352 3057 nibus
382 2993 577 3077 honestatis,
607 2993 752 3058 Annaeis
782 2992 1005 3077 popularibus.
1057 2992 1312 3078 Agricolationis
1340 3017 1434 3079 prae-

258 3103 353 3184 cepta
384 3099 600 3165 recensitarus
635 3099 817 3184 aequalium
850 3099 1072 3184 maiorumque
1106 3101 1228 3184 scripta
1261 3101 1434 3186 diligenter

258 3209 482 3290 perscrutatus
498 3208 556 3273 est.
592 3204 705 3290 Neque
725 3228 809 3290 vero,
833 3211 870 3270 ut
889 3227 1033 3271 summae
1052 3205 1126 3270 fidei
1145 3205 1307 3271 codicibus
1330 3210 1434 3271 utere-

258 3316 325 3398 tur,
356 3334 483 3397 semper
515 3313 649 3379 curavit.
693 3312 776 3377 Tum
799 3313 939 3396 septimo
969 3335 999 3396 p.
1027 3311 1101 3378 Chr.
1131 3312 1285 3378 decennio
1319 3311 1435 3378 Silvini

258 3415 431 3485 Caeretani
453 3420 602 3505 precibus
627 3422 807 3485 commotus
827 3420 937 3484 decem
960 3419 1053 3484 libris
1072 3441 1139 3485 rem
1162 3419 1317 3487 rusticam
1340 3442 1432 3506 prae-

258 3526 397 3592 scribere
435 3527 549 3610 coepit.
603 3525 726 3592 Silvino
764 3526 911 3611 singulos
952 3527 1055 3592 libros
1088 3527 1189 3592 misit.
1243 3527 1433 3593 Amicorum

257 3634 406 3715 precibus
435 3634 606 3700 obsecutus
640 3635 755 3717 quinto
788 3634 873 3698 libro
907 3633 1087 3719 gromatica
1114 3637 1289 3718 praecepta
1316 3657 1432 3719 propo-

258 3739 325 3803 suit
348 3761 386 3802 ex
414 3741 495 3803 trito
524 3740 790 3805 commentariolo
821 3743 965 3824 sumpta,
996 3743 1029 3804 et
1056 3740 1180 3805 decimo
1208 3739 1293 3804 libro
1317 3741 1431 3827 Vergi-

259 3844 339 3909 lium
372 3844 553 3909 aemulatus
586 3847 733 3910 versibus
766 3845 854 3910 horti
891 3846 1052 3910 culturam
1088 3845 1231 3911 tradidit.
1285 3845 1367 3910 Tum
1401 3850 1434 3911 et

259 3949 394 4015 Claudio
419 3949 595 4036 Augustali
623 3973 746 4016 morem
776 3955 927 4037 gesturus
952 3954 985 4015 et
1011 3951 1116 4016 vilicis
1145 3956 1317 4036 praecepta
1345 3957 1433 4036 apta-

258 4059 350 4120 turus
379 4056 462 4120 libro
494 4057 550 4140 qui
577 4057 765 4122 inscribitur
797 4058 913 4123 vilicus
942 4056 982 4121 ad
1006 4055 1165 4122 Silvinum
1188 4058 1287 4124 misso
1312 4063 1345 4123 et
1368 4061 1433 4124 usi·

258 4166 329 4229 tato
354 4162 536 4228 calendario
560 4163 655 4227 nixus
678 4163 764 4228 vilici
790 4163 898 4228 officia
922 4163 1087 4228 enarravit
1110 4167 1143 4229 et
1164 4164 1252 4230 horti
1272 4166 1432 4231 culturam

261 4271 368 4335 soluta
392 4270 540 4335 oratione
559 4269 677 4335 docuit.
720 4267 780 4334 Cui
803 4269 914 4334 libello
939 4269 1047 4335 decem
1067 4270 1268 4335 voluminum
1290 4271 1431 4338 indicem

260 4375 383 4441 addidit
403 4377 489 4441 nunc
511 4376 682 4460 perditum.
723 4375 926 4440 Postremum
951 4373 1076 4440 Silvine
1100 4376 1261 4442 dedicavit
1284 4378 1431 4444 libellum

259 4481 374 4547 vilicae
398 4481 504 4547 officia
532 4483 762 4548 continentem.
808 4481 927 4546 Utrum
960 4481 998 4546 de
1030 4482 1279 4549 lustrationibus
1312 4485 1430 4549 librum
