3470 5124
798 312 1016 376 ..30-

321 487 445 553 decimo
468 487 720 573 duodecimoque
740 489 833 553 libris
853 485 1041 574 collegit.²⁴²
1077 487 1178 574 Adde,
1197 489 1291 574 quod,
1315 511 1396 574 quae
1419 490 1495 555 libri

320 594 359 659 de
391 595 563 660 arboribus
596 594 846 661 undetricesimo
880 601 913 660 at
944 595 1109 661 tricesimo
1142 595 1302 681 capitibus
1331 595 1369 661 de
1398 597 1495 663 salice

324 701 490 787 arundine,
512 702 601 767 viola
624 723 698 768 rosa
722 701 892 786 adduntur,
914 723 979 767 non
999 703 1112 786 quinto
1135 702 1221 767 libro
1245 702 1417 768 subiuncta
1440 702 1494 767 sed

321 829 379 891 per
403 811 564 893 quartum,
589 808 757 893 decimum,
779 809 983 874 undecimum
1001 808 1104 874 libros
1127 809 1273 894 dispersa
1298 813 1382 874 sunt
1418 808 1495 897 Epi-

320 918 479 1002 tomator,
515 938 585 1000 cur,
618 937 698 999 quae
723 920 838 1001 quarto
862 915 946 981 libro
970 917 1109 1002 legerat,
1140 921 1216 1000 post
1248 917 1344 1002 cytisi
1372 916 1494 982 cultum

320 1026 470 1107 poneret,
499 1044 566 1087 non
589 1020 719 1107 habuit,
752 1020 946 1108 Columella,
977 1044 1050 1088 cum
1074 1026 1189 1107 quarto
1212 1023 1295 1088 libro
1320 1023 1494 1089 devincas

319 1128 521 1212 pedamentis
551 1132 676 1214 ageret,
709 1152 789 1215 quae
818 1133 915 1195 antea
938 1130 1043 1215 cytiso
1072 1134 1315 1217 postposuerat,
1348 1129 1495 1214 asseruit,

318 1232 434 1299 florum
468 1235 631 1301 culturam
661 1234 785 1300 decimo
817 1235 902 1301 libro
935 1239 1144 1301 enarraturus
1176 1258 1285 1302 rosam
1315 1235 1493 1301 striclam

321 1341 433 1424 quinto
457 1363 475 1406 e
498 1342 583 1408 libro
607 1342 694 1407 bono
718 1341 853 1408 consilio
878 1342 978 1408 eiecit.

411 1447 493 1524 Quid
516 1449 633 1535 plura?
668 1448 803 1514 Librum
826 1449 865 1514 de
891 1450 1061 1516 arboribus
1084 1451 1202 1536 prioris
1223 1450 1330 1534 operis
1354 1448 1494 1534 particu-

320 1556 386 1620 lam
410 1577 479 1620 esse
504 1559 649 1641 apparet
694 1555 809 1641 Itaque
839 1579 925 1622 nova
947 1560 1135 1642 praecepta,
1164 1558 1357 1641 ubicumque
1390 1579 1410 1622 a
1431 1557 1493 1641 pri-

319 1662 430 1727 oribus
454 1661 654 1747 discrepant,
682 1664 875 1747 scriptorem
903 1685 964 1729 usu
990 1664 1043 1729 vel
1067 1664 1204 1730 aliorum
1234 1664 1382 1730 doctrina
1405 1685 1492 1730 com-

318 1771 444 1833 motum
478 1769 664 1853 opinionem
702 1771 809 1855 priore
842 1791 938 1854 opere
975 1771 1137 1854 prolatam
1173 1766 1329 1836 abiecisse
1364 1771 1493 1836 demon-

319 1877 435 1940 strant.
480 1875 606 1940 Deinde
629 1897 749 1962 magna
771 1874 915 1943 locorum
939 1877 989 1942 vis
1013 1880 1135 1960 exstat,
1159 1876 1276 1962 quibus
1299 1877 1328 1943 is
1351 1877 1492 1962 priorem

320 1982 517 2046 sententiam
541 1982 662 2067 repetit
686 1983 830 2068 satisque
854 1984 966 2048 multis
991 1983 1190 2070 argumentis
1215 1983 1358 2049 defendit
1380 1985 1493 2071 Attici,

320 2086 417 2172 Celsi,
436 2086 587 2154 Graecini
602 2090 774 2156 sententiis
790 2090 992 2156 adversatus.
1030 2090 1137 2167 Quare
1151 2090 1236 2156 facio
1251 2112 1323 2156 cum
1339 2087 1495 2175 Stadlero,

319 2195 374 2279 qui
394 2193 594 2261 Columellas
617 2197 708 2280 prins
734 2220 816 2282 opus
839 2197 996 2263 rusticum
1020 2201 1194 2282 antequam
1213 2195 1325 2262 (lelsus
1349 2198 1495 2283 encyclo-

319 2303 468 2386 paediam
492 2305 676 2389 composuit
698 2304 820 2390 publici
844 2305 924 2370 iuris
947 2304 1070 2369 factum
1094 2326 1166 2369 esse
1191 2300 1383 2370 coniecit.¹4⁸
1419 2302 1495 2369 Ocr-

318 2410 425 2474 nelius
455 2408 627 2496 Celsus,144
659 2411 694 2475 in
728 2432 791 2495 quo
824 2410 940 2476 nititur
966 2408 1068 2476 Iulius
1097 2407 1320 2476 (ιῖιιιθιιίιιιιε145
1347 2408 1494 2496 Caligula

317 2516 514 2600 imperatore
539 2517 699 2601 supplicio
724 2516 870 2600 affectus,
899 2515 997 2581 tertio
1021 2539 1052 2600 p.
1076 2515 1150 2582 (lbr.
1174 2516 1328 2582 decennio
1352 2515 1493 2602 quinque

320 2622 587 2707 encyelcpaediae
606 2623 698 2687 libris
714 2645 783 2687 rem
802 2623 957 2688 rusticam
972 2624 1133 2689 tractavit.
1171 2623 1242 2700 Quo
1261 2624 1371 2708 paullo
1390 2624 1494 2689 maior

317 2728 382 2793 fuit
404 2727 506 2794 Iulius
521 2731 651 2795 Atticus
675 2729 792 2795 vitium
815 2729 960 2796 culturae
984 2727 1152 2795 ιιιιιιιοι.146
1195 2728 1266 2794 Hos
1290 2751 1368 2815 ergo
1393 2731 1492 2816 scrip-

317 2839 407 2901 tores
437 2833 618 2902 Columella
640 2837 765 2902 iuvenis
793 2836 840 2902 rei
863 2837 1003 2903 rusticae
1026 2839 1139 2902 auctor
1162 2836 1333 2902 antecedit.
1379 2835 1493 2922 Neque

317 2943 421 3007 multo
452 2946 528 3007 ante
558 2944 760 3009 tricesimum
790 2948 923 3008 nostrae
952 2965 1045 3009 aerae
1074 2965 1195 3009 annum
1223 2964 1305 3027 opus
1333 2944 1491 3009 rusticum

318 3050 538 3136 composuisse
557 3051 692 3117 videtur.
729 3049 798 3116 lam
819 3052 905 3116 enim
923 3050 1118 3137 Hispaniam
1136 3049 1278 3135 reliquit,
1300 3050 1357 3115 ubi
1374 3054 1491 3137 patruo
1622 3075 1627 3086 ·

316 3162 528 3244 praeceptore
560 3179 632 3224 eum
661 3180 730 3223 rem
758 3156 913 3224 rusticam
947 3158 1098 3224 didicisse
1126 3158 1253 3223 scimus.
1307 3155 1492 3223 Nonnullos

318 3265 383 3330 iam
408 3289 466 3351 per
489 3288 591 3332 annos
615 3267 649 3330 in
672 3265 771 3331 Italia
799 3286 894 3351 agros
919 3262 1073 3331 ιιοΙιιὶι.147
1118 3264 1187 3329 lam
1215 3263 1384 3330 tribunatu
1406 3265 1493 3329 mili-

317 3373 385 3436 tari
408 3373 539 3439 functus
567 3369 671 3438 est.¹⁴³
717 3371 810 3438 Circa
837 3375 968 3438 nostrae
997 3394 1091 3438 aerae
1118 3371 1249 3437 initium
1277 3393 1351 3436 eum
1378 3375 1491 3437 natum

320 3500 390 3544 esse
413 3479 488 3544 inde
513 3479 686 3563 concludo,
714 3479 800 3564 quod
822 3501 924 3564 usque
952 3479 991 3543 ad
1012 3477 1207 3562 Vespasiani
1230 3481 1378 3563 tempora
1400 3477 1492 3543 libris

319 3585 499 3651 scribendis
523 3607 654 3670 operam
677 3582 819 3650 dedit¹⁴⁹
860 3583 942 3651 Cum
965 3585 1104 3670 triginta
1123 3607 1280 3651 annorum
1304 3585 1409 3669 spatio
1428 3585 1491 3651 duo

318 3692 440 3759 rustica
464 3690 662 3758 columellae
686 3714 784 3777 opera
806 3691 892 3757 inter
915 3713 948 3756 se
973 3692 1107 3778 distent,
1134 3692 1199 3756 iam
1223 3692 1323 3756 missa
1345 3691 1492 3757 facienda

234 3873 237 3880 ,
318 3803 403 3885 sunt,
426 3822 508 3886 quae
532 3800 570 3865 de
594 3821 717 3865 conexu
741 3821 852 3864 eorum
876 3797 1013 3864 coniecit
1031 3796 1264 3864 Pontedera.¹⁵⁰
1298 3797 1433 3863 Librum
1454 3798 1492 3862 de

317 3908 487 3973 arboribus
510 3906 686 3972 secundum
710 3906 817 3991 operis
840 3904 992 3970 volumen
1022 3926 1093 3970 esse
1116 3904 1245 3970 scimus.
1290 3904 1337 3970 Ut
1359 3904 1492 3969 tertium

316 4018 442 4080 tomum
471 4015 612 4099 adderet,
640 4013 675 4078 in
704 4015 813 4079 animo
838 4034 871 4077 se
894 4011 1015 4077 habere
1043 4034 1084 4077 ne
1111 4012 1210 4077 verbo
1240 4011 1368 4096 quidem
1392 4011 1492 4095 signi-

316 4123 403 4188 fieat.
447 4121 570 4198 Quibus
595 4121 795 4206 argumentis
819 4119 959 4185 confisus
981 4119 1031 4184 vir
1055 4119 1169 4187 doctus
1193 4118 1309 4183 statuit
1333 4116 1492 4183 Columel-

316 4230 392 4312 lam,
416 4250 489 4294 cum
513 4228 593 4293 duos
617 4227 719 4293 libros
735 4229 872 4292 alterum
892 4227 931 4292 de
955 4227 1153 4312 agricultura
1174 4226 1312 4290 alterum
1337 4225 1375 4289 de
1399 4226 1491 4291 arbo-

317 4335 407 4400 ribus
432 4334 632 4419 compositos
655 4335 794 4421 benigne
823 4335 926 4419 accipi
950 4334 1099 4416 vidisset,
1126 4333 1239 4397 statim
1265 4331 1400 4397 eandem
1423 4353 1492 4397 rem

318 4441 458 4527 quinque
481 4441 573 4506 libris
591 4441 696 4507 fusius
716 4444 812 4526 atque
832 4441 1013 4506 accuratius
1033 4443 1192 4504 tractasse
1210 4442 1244 4504 et
1266 4442 1337 4503 tum
1363 4439 1491 4505 demum
