3470 5124
659 341 921 459 '-25-

225 574 337 642 ordine
352 595 424 638 eum
442 573 542 638 fuisse
558 568 778 638 credamus.1²³
814 569 929 656 Neque
952 572 1052 657 igitur
1070 571 1237 657 habemus,
1260 593 1318 636 our
1339 571 1397 636 tri-

223 683 364 746 bunatus
387 679 539 744 militaris
562 680 684 744 honore
708 676 922 744 Columellam
945 679 1116 763 indignum
1139 700 1336 744 censeamus.

313 784 362 853 Ac
384 809 424 853 ne
447 786 481 851 id
505 785 633 873 quidem
662 786 781 850 mirum
805 789 869 871 est,
897 785 981 870 quod
1004 786 1103 872 lapis,
1131 786 1169 851 de
1193 808 1256 870 quo
1280 785 1397 871 agitur,

225 894 357 961 Tarenti
381 893 544 978 exstabat,
572 892 628 958 ubi
654 896 801 958 nostrum
825 895 990 958 versatum
1015 914 1085 958 esse
1107 914 1211 978 neque
1234 893 1269 958 in
1292 893 1397 976 ipsius

224 1023 327 1087 neque
352 1000 488 1066 aliorum
511 999 546 1064 in
569 1000 661 1065 libris
682 1003 841 1066 narratur.
887 999 1016 1066 Monuit
1045 1000 1132 1065 enim
1155 1021 1206 1065 me
1230 997 1397 1066 Cichorius

223 1111 414 1192 praeceptor
437 1106 682 1190 dilectissimus,
704 1106 882 1172 Tarentum
907 1106 1054 1194 contingi
1078 1129 1098 1171 a
1119 1106 1174 1171 via
1195 1105 1311 1191 Appia,
1335 1129 1398 1191 qua

225 1214 340 1280 Asiam
363 1213 499 1298 petituri
522 1213 627 1280 Roma
649 1212 859 1279 Brundisium
883 1213 1179 1298 proficiscebantur.
1225 1213 1399 1278 Tarentum

227 1341 304 1405 ergo
324 1321 412 1386 venit
426 1319 608 1386 Columella
627 1325 669 1404 et,
692 1320 821 1385 eumad
841 1342 958 1386 munus
978 1321 1216 1406 suscipiendum
1235 1321 1270 1385 in
1286 1321 1398 1386 Asiam

224 1427 389 1511 profectus
409 1430 468 1511 est,
487 1430 528 1513 et,
547 1449 619 1493 cum
639 1427 801 1512 stipendio
816 1428 946 1493 functus
965 1429 999 1494 in
1017 1427 1148 1493 Italiam
1167 1427 1271 1493 rediit.
1309 1427 1400 1492 Titu-

224 1534 276 1599 lus
300 1537 410 1599 noster
433 1534 625 1600 honorarius
633 1531 671 1570 ¹⁹⁴
691 1537 817 1617 spectat
837 1534 876 1599 ad
895 1533 1071 1614 hominem,
1094 1534 1149 1618 qui
1169 1534 1208 1598 ad
1228 1533 1400 1619 dignitatis

226 1641 362 1726 gradum
389 1641 557 1706 tribunatu
584 1641 724 1707 militum
752 1641 902 1707 altiorem
931 1642 1075 1707 nondum
1103 1640 1311 1707 transductus
1340 1644 1398 1706 est.

227 1747 439 1814 Columellam
462 1753 499 1815 ut
521 1749 726 1814 rusticationi
749 1752 892 1834 vacaret,
922 1771 942 1814 a
964 1771 998 1814 re
1022 1748 1154 1833 publica
1176 1748 1291 1834 procul
1314 1752 1400 1814 aeta·

226 1858 291 1919 tem
316 1855 421 1940 egisse
445 1878 543 1940 supra
562 1857 778 1940 exposuimus.
816 1856 886 1920 Iam
901 1877 978 1941 ergo
994 1856 1213 1922 coniecturam
1228 1855 1399 1920 iaciamus:

224 1961 337 2046 Exeo,
360 1962 446 2046 quod
461 1963 618 2042 enarravi,
642 1962 781 2028 efficitur
796 1963 986 2048 cogiturque
1001 1961 1199 2028 Columellas
1217 1961 1253 2026 in
1266 1960 1397 2026 Italiam

226 2089 354 2134 reverso
378 2069 420 2133 ab
436 2070 540 2134 emico
555 2069 743 2154 Tarentino,
767 2069 819 2135 cui
838 2073 895 2134 aut
914 2091 1008 2134 carus
1028 2072 1296 2154 exspectatusque
1310 2069 1399 2134 venit

227 2177 283 2238 aut
307 2173 484 2239 commilito
508 2174 580 2259 luit,
603 2175 744 2260 elogium
767 2175 978 2240 honorarium
1002 2197 1072 2240 esse
1097 2171 1293 2260 positum.¹²⁵

314 2280 405 2346 Haec
428 2281 467 2346 de
491 2279 689 2346 Columellae
712 2279 781 2346 vita
803 2281 986 2347 enaravisse
1010 2281 1091 2346 satis
1114 2281 1228 2348 habeo.
1269 2281 1339 2346 Iam
1359 2280 1399 2346 ad

226 2387 328 2452 libros
352 2387 455 2453 nostri
479 2388 623 2452 animum
648 2391 886 2455 convertamus.
