3470 5124
744 339 960 406 ..51-

355 543 380 585 r.
402 543 425 586 r.
445 517 517 585 VH.
540 521 570 603 3,
594 520 628 584 9:
652 518 701 585 ‘st
724 519 779 584 titi
802 519 948 584 ananan
966 539 1057 584 carae
1078 506 1130 602 est,
1147 519 1289 600 primam
1308 569 1315 584 .
1334 569 1341 583 .
1361 514 1379 583 .'
1396 548 1438 572 =

267 626 366 711 Verg.
388 625 443 692 Ge.
466 626 527 692 III.
551 624 630 693 384:
653 625 673 690 '.
693 675 701 689 .
720 674 726 689 .
745 647 846 712 ennae,
863 627 1005 710 prienam
1027 675 1035 692 .
1054 675 1062 692 .
1081 623 1100 689 .'

356 758 381 799 r.
396 757 420 800 r.
434 733 507 799 VlI.
526 736 557 817 4,
575 734 609 798 6:
633 731 806 798 ‘odorem
823 733 954 799 statutis
970 733 1127 800 incendere
1140 730 1274 798 cedrnm'
1289 762 1332 786 =
1342 729 1441 816 Verg.

269 841 324 907 Ge.
347 840 407 906 ΙΙΙ.
430 841 511 906 414:
534 839 555 904 '.
574 887 582 904 .
602 889 609 904 .
631 841 790 904 accendere
813 837 885 908 ...'

360 945 545 1034 Sequuntur
560 947 762 1030 corruptelae
781 969 801 1010 a
820 945 935 1012 scribis
956 944 1155 1012 columellae
1175 946 1268 1012 libris
1287 946 1440 1010 insertae:

268 1078 292 1120 r.
316 1077 340 1119 r.
363 1053 422 1120 ΠΙ.
446 1055 480 1138 9,
508 1052 543 1119 5:
575 1053 671 1118 ‘ande
698 1054 793 1119 etiam
812 1057 924 1137 paster
950 1053 1003 1119 ilie
1025 1054 1060 1120 in
1082 1053 1241 1119 Bucolicis
1269 1055 1332 1118 ait:
1364 1051 1443 1120 “sa

268 1162 395 1228 canities
417 1160 534 1226 catalos
555 1161 680 1243 similes,
701 1161 747 1226 sie
769 1160 921 1227 intritus
942 1159 1076 1226 haedos'’
1101 1209 1134 1226 ..
1155 1159 1173 1226 .'

356 1267 457 1332 Deest
480 1267 613 1333 verbum
641 1289 713 1332 eum
743 1266 903 1353 subiecto,
930 1267 1017 1352 quod
1039 1271 1183 1333 vocatur.
1229 1265 1355 1352 Nempe
1377 1265 1443 1350 pri-

269 1397 356 1440 mum
385 1375 547 1458 sequentis
575 1396 687 1439 versus
715 1364 975 1440 membrum'ast
998 1373 1131 1440 ‘anam’
1151 1405 1192 1428 =
1207 1373 1306 1460 Verg.
1324 1373 1394 1439 Eel.
1417 1372 1443 1437 Ι.

269 1483 323 1565 23,
346 1481 500 1547 ascribis
520 1480 639 1546 codicis
654 1479 834 1564 Lipsiensis
854 1484 895 1564 et,
919 1480 1037 1546 Coesio
1057 1484 1149 1566 teate,
1173 1480 1291 1546 oodiois
1306 1478 1444 1565 Sangar-

273 1588 438 1654 manensis
460 1587 655 1672 neglectum.

360 1717 385 1759 r.
403 1717 427 1758 r.
447 1693 520 1759 Vll.
541 1693 570 1772 1,
593 1693 627 1758 3:
651 1690 762 1778 ‘Saepe
783 1694 884 1778 etiam,
909 1699 944 1759 nt
960 1694 1169 1760 centenimus
1181 1699 1273 1778 poeta
1286 1700 1444 1775 memorat,

273 1801 382 1866 “tardi
403 1805 500 1867 costas
522 1801 657 1884 agitator
678 1801 768 1866 aselli
789 1801 901 1866 ailina
923 1807 980 1866 ant
1001 1807 1109 1868 naret
1121 1803 1232 1886 pomis,
1256 1803 1446 1885 lapidemque

270 1913 420 1974 caertens
442 1909 601 1974 inaessnm
623 1912 680 1972 ant
701 1912 789 1972 atrae
810 1928 945 1974 mam
968 1910 1046 1990 picis
1063 1909 1136 1974 arte
1157 1907 1338 1993 reportat?

361 2013 531 2080 Claudioat
553 2014 640 2079 istud
664 2013 732 2079 ‘ant
752 2015 882 2100 pomes'5
914 2015 1025 2081 omnia
1055 2016 1137 2081 bena
1170 2017 1332 2101 quadrant
1360 2015 1446 2101 apud

272 2121 463 2207 Vergilium,
485 2121 542 2186 ubi
564 2120 703 2206 legimus
727 2120 827 2204 ‘saepe
846 2123 907 2187 oleo
930 2124 1093 2189 tardi...
1115 2121 1302 2206 ant-poenis'.
1340 2122 1447 2188 Causa

273 2229 475 2313 corruptelae
499 2230 558 2312 est,
581 2228 666 2311 quod
690 2228 797 2292 scriba
815 2250 875 2313 pro
894 2228 1083 2294 hexametro
1102 2229 1218 2295 habuit
1236 2229 1336 2312 ‘saepe
1353 2231 1447 2294 etiam

274 2337 358 2401 tardi
381 2385 387 2399 .
407 2383 414 2398 .
434 2333 453 2400 .'
478 2337 573 2419 atque
598 2333 691 2398 eiecit
714 2331 809 2399 ‘olea'
833 2357 897 2418 quo
925 2357 1035 2400 carere
1062 2357 1158 2420 posse
1182 2335 1245 2401 sibi
1267 2334 1446 2420 uidebatur,

274 2465 346 2508 oum
375 2441 447 2507 ‘aut
469 2445 578 2508 onerat
597 2477 635 2488 —
656 2447 712 2508 ant
737 2441 889 2524 inertat'
922 2442 1086 2528 iungenda
1118 2464 1188 2508 esse
1220 2443 1338 2507 iniuria
1366 2442 1448 2508 arbi-

273 2553 423 2616 traretur.

363 2679 388 2722 r.
406 2679 430 2720 r.
450 2655 505 2722 XI.
525 2658 555 2742 8,
576 2657 632 2722 13:
654 2657 848 2722 vocabulum
862 2655 1020 2724 Graecum
1040 2679 1183 2723 summas
1202 2657 1316 2723 scribis
1336 2656 1449 2723 attulit

276 2763 494 2829 difficultates.
547 2763 611 2828 Ars
644 2765 778 2828 metrica
814 2764 908 2829 docet
939 2765 1024 2849 apud
1057 2762 1242 2850 Vergilium
1277 2763 1449 2849 legendum

277 2892 346 2935 ease
370 2869 595 2954 ‘melisphylla',
619 2871 704 2955 quod
727 2873 867 2935 testatur
891 2869 1020 2936 Servius
1045 2872 1084 2936 ad
1103 2869 1201 2956 Verg.
1221 2870 1277 2937 Ge.
1295 2868 1371 2934 IIII.
1396 2870 1447 2936 63.

276 2976 473 3043 Columellas
500 2975 577 3041 libri
599 2977 757 3061 praebent
781 2976 949 3063 ‘mellitate
971 2977 1188 3061 mellisopinla,
1211 2975 1392 3063 meliphilla’
1416 2979 1450 3041 at

278 3083 407 3148 similia.

366 3213 390 3254 r.
413 3213 438 3254 r.
461 3189 518 3254 IX.
544 3189 598 3276 15,
628 3193 659 3254 1:
688 3190 867 3272 ‘sacas...
889 3193 971 3273 qaod
996 3197 1041 3257 est
1063 3212 1160 3274 penas
1183 3196 1323 3256 ....et
1348 3196 1384 3256 ut
1404 3192 1452 3255 ait

285 3296 438 3379 Vergilias
460 3294 637 3380 “ignavam
654 3296 784 3380 peeas'’.
841 3294 953 3362 Scriba
985 3302 1022 3362 ut
1054 3319 1165 3362 versus
1198 3302 1323 3382 partem
1357 3299 1450 3362 resti·

277 3407 383 3470 tuerat
404 3403 541 3469 inseruit
565 3403 703 3488 Vergilii
725 3401 850 3485 ‘saeos',
873 3407 910 3468 ut
936 3405 1099 3488 legeretur
1128 3427 1200 3470 eum
1229 3403 1283 3469 Ge.
1308 3401 1384 3468 IIII.
1409 3404 1451 3468 70

279 3510 437 3594 ‘ananam
458 3511 545 3592 saeos
561 3509 676 3595 pecas'.

369 3617 548 3702 Supersunt
576 3619 641 3685 looi
663 3616 860 3706 Vergiliani,
896 3641 976 3704 quos
1010 3620 1188 3685 Columella
1220 3619 1259 3683 de
1292 3618 1453 3683 industria

282 3724 332 3789 uel
356 3724 452 3809 plane
476 3726 526 3790 vel
550 3726 659 3810 aliqua
682 3748 720 3790 ex
743 3730 835 3811 parta
858 3727 1005 3792 mutavit.
1051 3725 1183 3810 Videte,
1211 3747 1346 3810 quaeso,
1374 3724 1452 3810 ipsi:

368 3828 466 3914 Verg.
486 3829 542 3895 Ge.
561 3830 603 3896 Il.
621 3833 686 3898 249
698 3855 756 3917 sq.:
780 3833 870 3898 ‘itant
885 3853 1023 3915 anquam
1036 3833 1180 3898 manitas
1194 3832 1308 3896 iactata
1323 3831 1452 3916 fatiscit,

279 3941 323 4002 set
337 3937 420 4021 pices
441 3937 477 4000 in
499 3957 614 4002 mnam
635 3939 679 4002 ad
699 3939 809 4021 dipitas
832 3939 965 4004 lentescit
985 3936 1142 4004 caindo?

372 4043 553 4111 Columella
576 4042 787 4128 affirmativa,
820 4067 901 4128 quae
929 4049 1078 4130 vocatur,
1110 4045 1351 4110 construetione
1374 4067 1452 4110 usus

282 4156 409 4218 mutato
432 4148 507 4216 ‘set'
532 4150 663 4232 scripsit
684 4172 709 4214 r.
728 4172 754 4215 r.
772 4149 814 4216 H.
832 4151 863 4234 2,
888 4151 943 4216 18:
972 4151 1024 4216 ‘ac
1045 4151 1074 4216 si
1094 4151 1251 4234 platinosa
1273 4154 1317 4215 est
1338 4147 1453 4238 (terra)

281 4264 309 4324 et
339 4260 445 4343 quaeis
472 4257 623 4324 manno
651 4261 733 4321 tacta
754 4277 866 4339 pressa
897 4256 1080 4324 inhaerescit
1106 4255 1163 4322 “et
1184 4258 1265 4340 picis
1295 4308 1302 4321 .
1327 4308 1333 4323 .
1357 4257 1393 4322 .’'
1420 4264 1455 4324 nt

282 4368 329 4431 ait
356 4363 528 4449 Vergilius?
572 4388 596 4430 r.
620 4388 644 4430 r.
664 4362 736 4430 VII.
760 4365 791 4448 3,
813 4365 856 4429 23
880 4365 912 4428 in
936 4365 1037 4430 citato
1060 4365 1132 4430 loco
1151 4363 1299 4450 Vergilii,
1322 4364 1377 4430 Ge.
1396 4365 1454 4432 IlI.

282 4472 348 4536 324
364 4495 409 4556 sq.
430 4470 614 4537 Columella
633 4471 744 4538 omisit
769 4493 898 4537 versum
922 4471 996 4558 328,
1020 4494 1083 4558 quo
1106 4471 1201 4538 facile
1221 4494 1328 4538 carere
1347 4475 1456 4557 potuit

1258 4576 1294 4630 4*
