3470 5124
769 381 985 444 ..69-

381 560 432 608 126
453 552 517 608 Aldi
534 553 740 623 praefationem
757 553 877 611 Gessnsr
895 553 968 611 libro
988 558 1022 612 de
1040 557 1189 614 arboribus
1208 557 1346 629 ascripsit,
1364 577 1391 615 v.
1406 558 1462 616 Sor.

291 660 312 696 r.
331 660 353 696 r.
373 643 416 698 ed.
436 643 556 698 Gessner
574 644 630 700 vol.
650 643 670 700 1.
689 661 717 714 p.
737 650 798 700 859.

383 738 432 786 121
452 731 487 786 (11
506 731 565 788 arb.
586 737 658 802 1,1:
689 733 843 800 ‘Quoniam
866 734 901 789 de
925 735 1003 790 cultu
1026 751 1158 806 agrorum
1177 780 1183 792 .
1203 779 1210 791 .
1230 779 1236 792 .
1258 778 1264 791 .
1288 735 1465 806 praecepisse

291 820 442 878 videmur.
462 864 468 876 .
488 821 507 878 .'
546 839 567 874 r.
582 840 606 876 r.
621 822 667 875 III.
684 828 708 891 1,
728 826 756 876 1:
778 822 958 879 “‘Hactsnus
978 842 1107 880 arvorum
1129 825 1255 893 cultus’',
1275 827 1307 880 ut
1325 824 1368 879 ait
1384 841 1464 895 pras·
1506 891 1509 896 ,

292 909 481 966 stantissimus
499 911 605 980 poeta!

379 1005 431 1056 128
450 1000 535 1055 Libro
554 1000 731 1056 antecedenti
753 999 856 1055 ilerum
881 1001 1002 1071 primurn
1021 1020 1166 1057 numerum
1186 1002 1236 1058 dat
1256 1003 1291 1056 de
1310 1005 1369 1059 arb.
1388 1010 1413 1071 3,
1433 1010 1461 1058 61

293 1090 387 1159 ‘sapor
406 1091 510 1157 autem,
530 1088 613 1144 sicuti
631 1089 723 1158 primo
742 1089 889 1145 docuimus
907 1091 1049 1146 volumine
1068 1133 1076 1147 .
1096 1134 1102 1147 .
1124 1092 1142 1146 .’

381 1201 431 1251 129
450 1215 474 1250 1.
491 1213 513 1250 r.
528 1195 601 1250 VIII.
621 1195 677 1264 (IX.
689 1210 723 1249 ex
737 1194 866 1250 codicum
885 1196 993 1266 ordine)
1010 1202 1034 1266 1,
1055 1203 1084 1251 11
1105 1197 1195 1264 ‘Quae
1214 1197 1272 1253 iere
1292 1215 1465 1253 consumma·

289 1284 367 1354 bant,
386 1284 468 1339 Publi
480 1283 595 1352 Silvine,
614 1284 686 1338 ruris
700 1283 848 1338 exercendi
862 1284 1027 1354 colendique
1042 1284 1198 1354 scientiam,
1217 1302 1344 1355 quaeque
1362 1304 1463 1357 peona·

289 1372 348 1429 riae
366 1373 567 1443 negotiationis
590 1372 722 1443 exigebat
743 1373 825 1443 ratio,
850 1375 957 1443 septem
977 1375 1193 1430 memoravimus
1211 1374 1299 1444 libris,
1323 1375 1369 1429 hic
1390 1393 1464 1430 nuuc

293 1460 435 1531 sequentis
454 1461 564 1516 numeri
580 1462 694 1516 titulum
713 1461 888 1530 possidebit!

379 1570 400 1608 r.
419 1570 441 1608 r.
460 1550 519 1606 XII.
540 1555 582 1620 13,
602 1555 631 1605 11
652 1549 693 1605 ‘id
712 1553 816 1617 autem,
835 1553 867 1605 ut
886 1568 970 1619 quam
989 1550 1096 1621 optime
1114 1552 1172 1620 fiat,
1192 1551 1323 1622 opilionis
1342 1552 1463 1608 officium

291 1642 347 1708 est,
374 1640 418 1694 cui
444 1638 565 1708 septimo
591 1638 663 1694 libro
690 1643 842 1710 praecepta
867 1640 1047 1695 dedimus-
1068 1640 1147 1695 locus
1170 1641 1301 1696 laudatus
1325 1644 1417 1696 exstat
1433 1641 1463 1696 iu

290 1727 416 1799 corporis
438 1728 488 1783 lib.
507 1727 579 1785 VIII.
605 1745 664 1798 cap.
685 1732 711 1782 8.
748 1747 769 1783 r.
788 1745 810 1783 r.
829 1729 862 1784 X.
882 1727 1026 1798 (codicum
1045 1729 1108 1799 Ill.)
1127 1729 1219 1800 praef:
1241 1728 1386 1784 ‘Foeneris
1412 1729 1464 1797 tui,

292 1817 407 1886 Silvine,
425 1817 501 1886 qnod
520 1816 669 1888 stipulanti
687 1818 892 1887 spoponderam
911 1815 974 1886 tibi,
993 1817 1132 1888 reliquam
1149 1817 1324 1888 pensiculam
1343 1819 1464 1889 percipe.

291 1924 356 1961 nam
383 1906 571 1977 superioribus
594 1923 695 1961 novem
718 1905 798 1960 libris
824 1906 878 1961 hac
902 1906 994 1960 minus
1021 1910 1103 1976 parte
1127 1907 1266 1976 debitum,
1293 1908 1368 1976 quod
1392 1925 1464 1963 nunc

290 1995 429 2067 persolvo,
447 1994 645 2050 reddideram?

379 2102 401 2140 r.
419 2101 441 2138 r.
460 2083 520 2137 XII.
537 2088 579 2153 10,
598 2089 627 2138 t:
647 2082 697 2137 ‘Et
714 2082 847 2150 quoniam
866 2086 1023 2154 opportune
1041 2083 1133 2139 mellis
1150 2083 1266 2140 fecimus
1285 2084 1464 2155 mentionem,

291 2176 345 2230 boc
363 2173 461 2230 eodem
480 2175 608 2242 tempore
628 2172 686 2227 alvi
704 2172 869 2226 castraudae
889 2189 921 2226 ac
940 2172 997 2226 mel
1016 2171 1232 2242 conficiendum,
1252 2191 1316 2230 cera
1334 2175 1464 2229 iacienda

292 2263 343 2332 est,
362 2264 397 2318 de
417 2261 517 2332 quibus
537 2261 621 2316 nono'
643 2261 781 2330 (codicum
801 2261 846 2330 X.)
868 2260 951 2314 ‘libro
970 2259 1028 2314 iarn
1047 2259 1190 2317 diximus.'

379 2371 400 2407 r.
416 2370 437 2406 r.
453 2350 499 2406 XI.
518 2349 658 2420 (codicum
672 2347 744 2418 XII.)
764 2353 789 2417 1,
808 2354 837 2404 21
859 2350 900 2404 ‘et
917 2350 972 2404 hoc
990 2347 1170 2404 undecimum
1183 2352 1366 2420 praeceptum
1380 2350 1463 2406 rusti-

290 2439 410 2496 cationis
428 2438 580 2494 memoriae
599 2438 724 2494 tradidi)

378 2547 401 2584 r.
415 2548 436 2583 r.
451 2529 511 2582 Xll.
531 2533 556 2597 2,
577 2534 604 2582 11
626 2526 678 2580 ‘Ea
691 2526 765 2595 loca,
784 2527 881 2596 qualia
895 2543 955 2582 esse
971 2527 1100 2596 debeant,
1120 2530 1149 2583 et
1162 2529 1192 2582 in
1205 2527 1298 2598 primo
1312 2527 1464 2598 volumine,

290 2637 353 2675 cum
366 2618 466 2673 villam
479 2615 720 2684 constitueremus,
740 2616 770 2672 st
783 2617 814 2670 in
827 2615 987 2671 undecimo'
1003 2617 1142 2688 (codicum
1157 2616 1239 2687 XII),
1261 2616 1337 2673 ‘cum
1351 2618 1385 2672 de
1405 2618 1464 2672 olfi-

292 2707 342 2763 oiis
361 2706 450 2764 villici
468 2706 683 2776 disputaremus,
701 2705 758 2760 iam
778 2704 855 2761 dicta
874 2705 959 2763 sunt.’

379 2797 438 2851 Iam
457 2798 576 2865 apparet
600 2812 657 2851 non
675 2795 712 2848 ad
730 2793 833 2848 librum
851 2795 887 2849 de
905 2795 1051 2850 arboribus
1069 2795 1118 2850 sed
1137 2796 1173 2850 ad
1191 2797 1315 2866 corporis
1334 2798 1464 2862 quartum

292 2884 423 2942 volumen
441 2883 532 2940 redire
550 2885 646 2940 verba:
667 2901 688 2940 r.
703 2902 725 2937 r,
740 2883 773 2938 V.
789 2887 813 2948 t,
833 2889 863 2936 4:
883 2882 1018 2938 ‘Sationis
1035 2886 1129 2939 autem
1150 2901 1216 2939 cura
1234 2901 1290 2939 non
1304 2885 1361 2940 alia
1380 2885 1465 2940 debet

291 2991 350 3031 esse
370 2991 455 3044 quam
473 2989 545 3041 quae
563 2972 671 3027 tradita
689 2974 733 3026 est
751 2987 769 3024 a
786 2987 832 3025 me
849 2971 936 3026 tertio
954 2971 1117 3027 volumine!

344 3076 847 3148 111111111111111111211.111111
958 3075 1061 3134 11011.
1082 3078 1116 3133 de
1136 3079 1194 3134 arb.
1215 3086 1240 3148 9,
1260 3086 1289 3134 31

327 3168 394 3224 Ἕ11
427 3168 457 3224 et
494 3166 636 3221 luxuriosa
672 3166 744 3222 ratio
777 3166 849 3220 vites
941 3165 996 3222 ‘Ut
1025 3168 1118 3221 autem
1150 3184 1222 3222 uvae
1253 3166 1313 3222 sine
1341 3168 1464 3224 vinaceis

291 3258 401 3314 serendi
420 3301 426 3313 .
442 3302 448 3314 .
464 3299 470 3313 .
489 3255 521 3310 In
540 3254 596 3309 alio
615 3269 717 3324 genere
733 3255 848 3309 inventu
902 3256 1066 3323 nascantur,
1090 3256 1252 3310 malleolum
1270 3254 1389 3310 scindite
1413 3255 1462 3324 ita,

290 3348 401 3404 novicio
424 3345 540 3401 finditur
558 3343 718 3412 malleolus,
741 3342 848 3398 medul-
902 3361 938 3400 ne
947 3361 1077 3415 gemmae
1086 3344 1243 3412 laedantur,
1254 3343 1463 3413 medullamque

250 3469 253 3478 =
290 3440 373 3507 laque
392 3452 471 3492 erasa
489 3435 520 3489 in
538 3430 752 3500 recolligantur
769 3430 849 3501 ipsas
903 3450 1014 3489 ornnem
1034 3431 1154 3502 eradito,
1173 3436 1233 3488 turn
1254 3433 1366 3488 demum
1385 3433 1414 3486 in
1433 3449 1463 3488 se

291 3527 385 3582 caules
395 3525 445 3594 ita,
458 3526 491 3579 ut
500 3522 618 3594 gemmis
627 3525 760 3592 parcatur
773 3520 849 3577 omni
902 3521 1088 3592 compositum
1113 3521 1248 3591 colligato
1276 3519 1315 3576 sie
1332 3540 1368 3577 ne
1387 3539 1463 3591 gem-

290 3617 381 3671 modo.
409 3617 471 3669 tum
485 3611 632 3668 malleolus
648 3613 678 3665 in
695 3610 772 3664 terra
783 3610 849 3666 fimo
902 3629 963 3666 mas
982 3611 1083 3666 allidas
1101 3613 1186 3681 atque
1204 3609 1246 3666 ita
1265 3611 1342 3665 terra
1359 3611 1463 3665 sterco-

291 3705 379 3759 mixta
411 3703 512 3758 seritur
544 3703 586 3770 et,
627 3717 690 3756 oum
718 3715 849 3770 spargere
902 3704 966 3756 rata
983 3698 1119 3770 deponito
1134 3701 1164 3754 et
1181 3698 1282 3768 rigato.
1311 3715 1375 3752 oum
1390 3699 1464 3752 coles

291 3793 385 3847 caules
403 3791 512 3861 coepit,
531 3789 669 3844 deciditur
687 3787 849 3857 foditurque
903 3805 987 3858 agere
1006 3788 1143 3856 coeperit,
1163 3802 1247 3855 saepe
1266 3788 1295 3840 11
1314 3785 1372 3840 alte
1391 3786 1464 3839 refo-

292 3881 412 3950 saepius.
448 3877 515 3934 talis
547 3896 619 3933 uvae
651 3876 747 3931 acinos
778 3875 851 3932 nihil
904 3877 973 3932 dito.
1010 3875 1117 3931 Adulta
1134 3873 1201 3929 vitis
1223 3872 1295 3928 tales
1314 3889 1384 3928 uvas
1404 3873 1463 3928 sine

291 3971 367 4025 intus
382 3968 454 4039 ligni
466 3967 610 4023 habituros
620 3965 850 4035 Columellapro·
905 3965 1028 4020 vinaceis
1047 3963 1173 4020 creabit?

292 4057 391 4126 mittit,
405 4075 469 4113 oum
484 4056 577 4112 vivere
592 4055 699 4111 semina
712 4054 775 4124 ipsa
788 4071 851 4125 per-

291 4166 376 4218 quam
394 4144 496 4202 mirmn
510 4145 548 4201 sit
561 4142 687 4199 medulla
701 4142 849 4212 exempta?

381 4253 465 4308 Hisce
492 4249 562 4308 locis
588 4249 669 4304 nixus
696 4250 754 4304 iarn
782 4249 939 4304 Pontedera
962 4246 1145 4304 Columellam
1172 4245 1238 4301 libri
1262 4247 1296 4301 ds
1319 4243 1465 4301 arboribus

292 4344 435 4399 auctorem
460 4339 639 4396 renuntiavit
681 4337 855 4393 Pontederae
880 4338 961 4393 notas
985 4337 1016 4390 in
1038 4336 1161 4391 editione
1180 4333 1310 4390 Gessneri
1329 4334 1464 4405 ascriptas

292 4432 372 4503 legis.
409 4430 466 4485 lam
486 4429 624 4485 refutatus
643 4430 687 4483 est
705 4424 851 4494 Barthius,
874 4425 922 4494 qui
940 4426 1055 4482 Advers.
1076 4423 1226 4481 XXXVIH.
1247 4423 1371 4494 Gargilio
1391 4423 1465 4479 Mar·

292 4519 355 4576 111111
372 4518 476 4574 librum
494 4518 529 4572 de
547 4516 693 4573 arboribus
712 4515 808 4571 deberi
827 4513 985 4572 somniavIt
