3470 5124
779 349 998 432 *52*

302 527 407 630 neque
430 549 599 611 mutuatus
623 548 673 610 est
695 566 807 610 versus
831 545 897 611 329
921 545 1019 611 finem
1044 543 1180 629 ‘rodez
1203 544 1287 610 unde
1310 547 1413 630 venit,
1442 551 1479 611 ut

303 675 334 718 v.
352 652 418 718 334
441 673 507 718 non
530 651 686 717 scriberet
705 649 864 735 ‘accubet',
891 652 977 738 quod
995 651 1094 716 habet
1111 650 1288 738 Vergilius,
1311 651 1478 720 a‘r'udebo'

304 760 444 837 rectum,
468 758 523 823 sed
548 757 704 823 ‘masaa
749 779 775 822 r.
799 779 823 823 r.
842 755 914 823 VII.
938 759 969 843 3,
991 759 1036 823 24
1059 757 1170 823 omisit
1191 779 1321 825 versum
1343 757 1398 826 Ge.
1420 759 1479 827 ΠΙ.

305 865 380 948 338,
403 867 631 930 ornamentum
656 864 817 948 poeticum
841 865 990 950 prosaico
1015 864 1166 948 scriptori
1189 865 1394 950 superfluum.

392 969 516 1036 Versus
540 970 596 1037 Ga
615 969 692 1036 IIII.
711 971 767 1036 87:
792 969 837 1036 ‘la‘
858 977 958 1038 motus
980 972 1158 1037 cerimonem
1180 976 1271 1055 cique
1292 971 1365 1039 baec
1386 978 1478 1039 cerio-

303 1077 392 1142 mina
419 1081 508 1142 ionio
527 1078 668 1161 pulveris
693 1078 798 1161 calpae·
824 1078 908 1143 iacta
939 1097 1110 1162 compresso
1141 1078 1306 1162 qobment'
1339 1079 1478 1146 mutavit

303 1206 473 1250 numerum
496 1185 655 1267 pluralem
683 1184 719 1248 in
746 1183 959 1270 singularem,
985 1184 1131 1250 futurum
1160 1187 1194 1250 in
1221 1208 1375 1270 praesens
1398 1191 1477 1252 tem·

302 1312 377 1374 pus:
401 1314 426 1357 r.
449 1313 473 1356 r.
495 1289 552 1356 IX.
575 1290 606 1375 9,
629 1292 664 1356 6:
691 1289 821 1374 ‘Papae
842 1292 964 1374 quidem
986 1292 1033 1357 oet
1053 1293 1148 1356 unius
1174 1293 1255 1357 inter
1276 1313 1309 1358 se
1330 1294 1477 1359 diesem

302 1399 352 1477 irs,
374 1398 422 1462 oet
443 1399 575 1463 duonum
593 1398 773 1464 mammam
790 1398 1035 1465 dr‘soordoutiam
1054 1399 1147 1480 fosite
1168 1400 1380 1482 compositam
1402 1420 1477 1465 nom

301 1507 337 1567 ut
358 1504 439 1569 idem
460 1505 524 1570 ott:

388 1609 555 1677 “Puloerrs
577 1613 682 1696 exspui
704 1613 788 1678 iactu
810 1632 983 1695 compressa
1005 1612 1176 1695 qabsat’t'

389 1715 529 1783 Habetis
552 1719 696 1785 locorum
715 1717 977 1812 Vergilianorum
1001 1717 1202 1784 Columellas
1225 1720 1316 1785 libris
1340 1720 1476 1786 inserto·

207 1869 214 1881 ·
300 1846 372 1889 rum
396 1825 692 1908 perlustrationem.
738 1824 831 1890 Unde
854 1825 992 1909 profecti
1015 1825 1095 1891 haec
1119 1826 1307 1891 statuimus:

389 1929 570 2016 Columella
593 1932 716 1996 rustica
738 1935 912 2018 praecepta
935 1931 1079 1997 editurus
1102 1954 1221 2019 nsque,
1244 1955 1316 1999 oum
1340 1933 1441 2019 script
1462 1973 1476 1983 -

299 2057 372 2102 rum
390 2038 580 2104 testimonia
598 2037 775 2123 colligeret,
795 2037 927 2123 curavit,
946 2042 983 2105 ut
997 2061 1094 2123 quam
1109 2039 1251 2123 optimae
1266 2039 1340 2104 fidoi
1359 2038 1477 2103 codici·

300 2145 360 2208 bus
388 2147 549 2230 uteretur,
582 2147 629 2229 et,
662 2166 725 2230 quo
750 2145 862 2210 artius
896 2145 1045 2211 laudatos
1079 2145 1168 2211 locos
1199 2146 1266 2210 suis
1295 2145 1476 2230 praeceptis
1514 2158 1516 2164 ’

299 2255 484 2316 conecteret
506 2273 644 2336 nsquea
662 2252 918 2336 transpositione
936 2273 1039 2336 neque
1059 2275 1078 2316 a
1101 2251 1281 2317 mutatione
1304 2252 1475 2317 verborum

299 2380 333 2423 se
357 2359 524 2425 abstinuit.
560 2357 704 2441 Accedit,
727 2358 811 2442 quod
836 2357 933 2422 medii
957 2359 1029 2424 aevi
1050 2359 1175 2423 librarii
1194 2359 1277 2423 alius
1296 2357 1359 2423 alio
1378 2358 1474 2424 modo

301 2462 501 2531 Columellas
524 2464 650 2530 codices
674 2464 962 2549 interpolaverunt.
998 2464 1088 2541 Quae
1107 2485 1180 2530 cum
1199 2464 1246 2531 ita
1266 2466 1340 2549 sint,
1363 2487 1475 2530 caven-

300 2571 376 2634 dum
409 2573 475 2655 est,
505 2593 547 2634 ne
580 2572 651 2656 quis
685 2593 723 2636 ex
752 2570 951 2637 Columellae
983 2571 1078 2636 libris
1111 2572 1248 2638 aliorum
1282 2572 1476 2656 scriptorum

301 2677 400 2741 verba
422 2676 496 2761 ipsa
518 2677 676 2743 extricare
699 2681 842 2745 sonetur.

784 3033 909 3120 Caput
931 3033 989 3100 IV.

370 3185 465 3253 Quas
489 3187 561 3244 fata
583 3185 791 3244 columellae
814 3186 895 3244 libri
917 3187 1110 3254 habuerint,
1133 3143 1406 3258 exscriptorum

655 3293 860 3350 testimoniis
882 3291 1117 3361 investigatur.

387 3426 625 3512 Imperatorum
650 3426 873 3492 Romanorum
900 3427 1101 3511 temporibus
1131 3448 1292 3493 armorum
1317 3427 1473 3512 strepitus

297 3533 446 3598 homines
469 3533 511 3597 sb
535 3533 624 3618 agris
653 3533 792 3618 depulit,
825 3537 861 3596 ut
891 3533 979 3618 turpi
1007 3553 1167 3598 consensu
1195 3531 1366 3616 disciplina
1388 3533 1472 3598 ruris

298 3641 508 3705 desereretur.
536 3638 620 3714 Quid
635 3640 762 3723 mirum,
783 3639 810 3703 si
825 3640 998 3724 scriptores
1010 3660 1136 3724 quoque
1145 3639 1275 3704 rusticis
1289 3641 1470 3724 praeceptis

170 3763 172 3770 ’
298 3746 493 3812 renovandis
516 3767 582 3811 non
606 3745 820 3811 studuerunt?
857 3744 963 3821 Quare
988 3747 1122 3830 exiguus
1142 3751 1193 3810 est
1211 3766 1362 3811 numerus
1385 3746 1471 3812 loco-

297 3877 379 3938 rnm,
402 3854 519 3937 quibus
540 3850 737 3919 Columellas
760 3852 962 3919 voluminum
986 3853 1108 3918 mentio
1131 3853 1178 3917 fit.
1213 3851 1264 3916 Ex
1288 3851 1469 3937 aequalium

298 3984 442 4044 nurnero,
466 3962 624 4044 quantum
641 3981 701 4024 nos
720 3959 851 4044 seimus,
875 3958 962 4024 solus
981 3958 1134 4023 Plinius
1150 3956 1347 4023 Columellas
1366 3959 1468 4026 libros

299 4064 496 4134 adhibuit.¹⁰⁵
542 4065 604 4143 Qui
629 4088 692 4150 quo
716 4064 915 4132 Columellas
938 4087 1035 4150 opere
1057 4087 1134 4129 usus
1158 4064 1215 4149 sit,
1238 4063 1331 4130 facile
1354 4069 1405 4130 est
1428 4065 1468 4131 ad

297 4174 563 4260 perspiciendum.
1239 4158 1241 4162 ’

387 4279 642 4344 Prinrum'enim
662 4279 761 4345 semel
780 4278 995 4346 Columellam
1013 4279 1149 4344 laudans
1168 4284 1378 4364 praeceptum
1397 4303 1469 4366 pro·

298 4389 372 4470 fert,
395 4387 480 4471 quod
503 4387 537 4450 in
560 4385 604 4450 rei
629 4387 769 4452 rusticas
786 4387 1006 4452 voluminibus
1025 4387 1157 4453 omnino
1177 4407 1242 4451 non
1260 4387 1387 4472 legitur,
1412 4386 1467 4451 sed

298 4499 404 4560 exstat
427 4494 460 4556 in
483 4493 557 4556 libri
582 4493 620 4556 de
644 4494 814 4558 arboribus
838 4494 945 4579 eapite
967 4489 1107 4558 nono.¹³⁰
