3470 5124
746 366 966 430 „70-

360 548 410 598 131
429 541 584 597 Duodecim
599 541 772 596 voluminum
787 557 857 610 9999
871 539 1014 610 integrum
1027 554 1098 608 osse,
1112 556 1175 593 cum
1191 539 1445 596 91199191919129

270 631 417 702 exscriptis
440 633 499 686 tum
520 646 554 685 er
571 629 707 685 librorum
730 646 837 685 conexu
859 627 1043 700 intellegitur.
1079 629 1177 698 Neque
1201 627 1276 684 enim
1299 629 1390 685 solum
1409 631 1446 686 ad

270 721 368 789 libros,
387 736 456 790 quos
475 719 532 774 iam
550 719 674 786 miserat,
694 716 851 775 columella
865 717 1003 774 Silvinum
1022 718 1169 787 relegavit,
1188 718 1237 773 sed
1257 717 1353 787 etiam,
1372 737 1445 788 quae

270 808 405 879 proximis
420 807 500 863 libris
515 806 684 863 disserturus
705 807 751 876 sit,
770 807 940 879 significarit
959 805 993 862 91.
1013 826 1034 861 1.
1050 826 1071 861 r.
1086 806 1121 860 II.
1141 811 1166 875 1,
1186 811 1215 874 1,
1234 806 1267 862 ll.
1287 813 1330 875 22,
1351 813 1379 875 6,
1398 808 1445 864 ΙΠ.

272 906 296 967 1,
318 898 413 965 13111.
434 904 477 966 13,
496 902 543 965 19,
562 896 609 953 111.
629 902 672 964 21,
693 902 738 963 11,
757 895 804 952 IV.
825 903 849 964 1,
871 903 899 964 1,
918 896 965 952 IV.
980 902 1006 964 4,
1027 903 1041 950 1
1061 896 1091 950 et
1109 902 1139 962 2,
1158 894 1205 950 IV.
1225 900 1268 965 22,
1287 900 1317 964 9,
1336 896 1383 952 IV.
1403 903 1446 967 29,

272 984 612 1056 9,1.1,1,1.12,9,
635 984 951 1055 1199111113,
974 984 1445 1055 111.9,11,1Π.9,1,111.9,

270 1082 300 1143 4,
319 1075 380 1132 VII.
398 1080 424 1145 5,
444 1080 490 1142 14,
509 1074 569 1129 VII.
589 1079 615 1143 5,
633 1079 680 1142 22,
701 1073 759 1129 VH.
780 1079 821 1143 12,
843 1081 872 1142 1,
890 1074 964 1130 VIII.
985 1081 1008 1142 1,
1029 1079 1056 1141 1,
1076 1073 1122 1130 ΙΧ.
1144 1078 1187 1142 16,
1205 1078 1235 1143 2,
1254 1073 1287 1130 X.
1306 1073 1396 1143 praef.
1417 1080 1446 1143 1,

271 1166 318 1222 XI.
338 1170 363 1234 1,
383 1169 412 1234 1,
430 1164 477 1219 XI.
497 1169 521 1217 2.
543 1169 589 1230 62,
609 1163 655 1217 XI.
676 1169 701 1232 2,
722 1167 767 1229 64,
787 1161 847 1217 Xll.
869 1170 893 1232 1,
914 1168 942 1228 1,
961 1162 1021 1219 XII.
1040 1169 1066 1232 2,
1086 1168 1115 1232 1,
1139 1162 1199 1217 XII.
1219 1167 1262 1232 18,
1282 1168 1305 1219 1.
1343 1162 1446 1220 Omnes

270 1255 327 1311 loci
345 1271 436 1324 neque
454 1252 568 1308 maioris
583 1250 676 1323 operis
690 1253 797 1308 tomum
811 1239 927 1322 periisse
941 1267 1032 1321 neque
1041 1251 1131 1307 ullum
1146 1250 1328 1308 subditicium
1343 1251 1446 1309 librum

273 1345 303 1398 in
322 1342 495 1399 columellae
514 1358 614 1413 corpus
632 1340 777 1411 irrepsisse
797 1341 996 1397 demonstrant.

365 1448 1111 1518 1329119919.1,1.-13891.119911).11,1.

362 1545 414 1594 134
433 1539 468 1594 19
482 1536 602 1608 Vergilii
617 1536 1041 1608 (19913191919991111993911,
1061 1537 1098 1591 de
1111 1538 1240 1608 Magonis
1257 1537 1338 1594 libris
1356 1538 1446 1594 191119

272 1628 360 1686 191919
379 1629 464 1683 19119
482 1626 551 1683 fecit
568 1625 759 1682 Reitzenstein
777 1627 794 1681 1.
814 1626 834 1680 1.
852 1645 881 1696 p.
899 1632 933 1681 41
945 1643 985 1694 sq.

363 1741 413 1790 135
433 1734 467 1792 cf.
487 1734 522 1790 de
541 1733 600 1788 arb.
619 1738 644 1802 4,
665 1738 689 1787 1.
709 1764 743 1773 —
763 1737 814 1788 136
833 1733 868 1789 91.
888 1733 924 1788 de
943 1734 1001 1788 arb.
1021 1737 1046 1801 5,
1066 1737 1091 1787 5.

363 1820 1232 1892 1319119911),11,1.-13891.119911).26,1,21,1.

363 1919 413 1968 189
433 1912 599 1967 91119911).
619 1915 662 1978 28,
683 1916 706 1965 1.

363 2005 414 2055 140
432 2000 466 2055 91.
487 2001 521 2055 de
540 2000 598 2056 arb.
618 2004 642 2068 1,
662 2006 690 2054 4:
717 1998 878 2069 ‘Optimum
897 1999 1053 2068 991119919
1072 2001 1170 2056 eodem
1190 2018 1267 2071 egro,
1286 2018 1341 2072 quo
1359 2003 1446 2058 vitem

275 2089 461 2161 dispositurus
480 2107 518 2159 99,
537 2088 584 2144 191
602 2091 677 2145 99119
695 2087 788 2144 vicino
806 2088 898 2143 facere
918 2088 1097 2144 seminarium
1117 2129 1123 2142 .
1144 2130 1150 2142 .
1170 2090 1189 2144 .’

365 2181 432 2236 etr.
451 2198 472 2234 r.
492 2178 539 2234 III.
558 2184 584 2247 5,
604 2185 683 2247 lsq.:
710 2176 872 2233 ‘Vltiarium
886 2195 977 2247 neque
996 2177 1091 2234 ieiuna
1104 2181 1180 2234 terra
1196 2195 1288 2251 neque
1307 2178 1449 2250 uliginosa

272 2270 433 2325 faciendum
447 2269 511 2324 est.
528 2307 535 2323 .
552 2311 558 2324 .
577 2267 726 2323 Prudentis
741 2269 835 2322 autem
850 2267 944 2322 coloni
958 2268 1002 2322 est
1016 2285 1049 2323 ex
1068 2267 1201 2323 deteriori
1215 2271 1290 2324 terra
1308 2268 1403 2338 potius
1417 2268 1447 2324 in

272 2359 418 2415 meliorem
432 2375 516 2428 quam
531 2374 564 2412 ex
582 2357 697 2412 meliore
713 2355 743 2410 in
758 2357 925 2412 deteriorem
939 2357 1098 2413 1191919119.
1122 2355 1240 2427 Propter
1254 2357 1329 2426 quod
1340 2357 1445 2412 medio·

275 2448 359 2504 critas
379 2448 408 2503 in
428 2445 565 2503 electione
584 2445 641 2502 loci
654 2445 774 2500 maxime
793 2445 938 2516 probatur,
956 2445 1089 2515 quoniam
1102 2446 1133 2500 in
1147 2445 1266 2502 confinio
1281 2447 1347 2502 boni
1365 2446 1447 2502 mali-

253 2541 255 2545 ’
274 2554 329 2607 que
346 2537 440 2607 posita
459 2536 521 2606 est’

365 2629 414 2679 141
433 2624 500 2694 Ipsa
517 2621 633 2678 testium
651 2620 767 2677 nomina
785 2621 888 2690 ubique
907 2621 1023 2692 profert.
1062 2623 1141 2690 Quod
1161 2642 1209 2679 cur
1227 2623 1315 2680 faciat
1333 2626 1449 2680 eruendi

273 2735 295 2770 r.
313 2734 336 2771 r.
355 2713 402 2768 III.
423 2718 465 2782 10,
484 2717 519 2767 20
529 2730 570 2781 sq.
595 2729 678 2766 91999
701 2711 784 2766 dant:
813 2711 924 2780 ‘itaque
949 2711 1032 2767 huius
1056 2713 1174 2768 rationis
1198 2713 1449 2769 demonstratorem
1469 2758 1474 2769 .

274 2803 365 2874 magis
389 2818 450 2857 esse
473 2817 518 2856 me
542 2816 626 2870 quam
649 2800 824 2856 inventorem
847 2800 969 2856 libenter
986 2803 1131 2871 profiteor:
1159 2817 1195 2856 ne
1218 2802 1281 2872 ans
1309 2802 1450 2859 existimet

272 2891 400 2948 fraudari
418 2889 538 2945 maiores
557 2891 665 2945 nostros
683 2888 767 2944 laude
785 2890 894 2944 merita.
927 2907 992 2944 nam
1010 2891 1041 2944 id
1059 2889 1152 2960 ipsum
1171 2891 1311 2946 censuisse
1330 2907 1378 2947 eos
1392 2908 1448 2946 191

274 2981 391 3036 dubium
410 2982 461 3049 est,
481 2977 608 3048 quamvis
626 2978 704 3033 nullo
725 2977 781 3035 alio
801 2979 837 3034 sit
855 2978 961 3049 scripto
974 2978 1126 3049 proditum,
1145 2979 1270 3050 exceptis
1289 2997 1360 3050 quae
1371 2975 1450 3036 ‘retu-

274 3070 358 3126 limus
376 3069 474 3124 metris
494 3067 624 3138 Vergilii:
648 3069 678 3123 et
694 3067 742 3123 hic
760 3068 869 3136 191191,
893 3071 925 3122 91
943 3069 978 3123 de
999 3067 1152 3123 seminibus
1175 3069 1349 3139 leguminum
1367 3086 1448 3140 prae-

275 3160 403 3230 cipiatur.
440 3158 495 3213 Cur
520 3159 595 3214 enim
621 3159 671 3213 aut
696 3173 711 3211 e
737 3158 806 3212 duro
832 3159 929 3211 natam
947 3156 1056 3227 virgam
1083 3158 1133 3212 aut
1161 3159 1246 3214 etiam
1274 3176 1308 3214 ex
1329 3157 1448 3215 fecundo

276 3247 423 3318 malleolo,
443 3265 525 3317 quem
543 3248 598 3319 ipsi
616 3247 793 3319 probassent,
816 3246 939 3301 decisam
959 3244 1091 3315 sagittam
1110 3247 1307 3318 repudiabant,
1332 3248 1356 3302 si
1378 3247 1450 3304 nibil

275 3339 410 3394 interesse
429 3338 579 3406 ducebant,
598 3355 632 3391 ex
651 3353 706 3405 quo
724 3335 787 3391 loco
806 3335 914 3391 semina
931 3333 1119 3405 legerenturl’

365 3429 408 3480 Au
433 3425 535 3479 iniuria
563 3425 670 3482 conicio
698 3439 806 3479 summa
833 3441 896 3478 cum
919 3423 1066 3494 diligentia
1089 3426 1215 3480 nostrum
1238 3427 1324 3482 testes
1353 3424 1449 3495 citare,

275 3516 440 3586 postquam,
468 3515 542 3581 quod
568 3513 623 3568 alio
646 3514 767 3581 quodam
793 3513 823 3567 in
846 3528 930 3583 opere
949 3513 1094 3569 doctrinae
1121 3514 1214 3569 fontes
1237 3515 1397 3585 celavisset,
1424 3516 1451 3571 ei

276 3603 428 3674 opprobrio
448 3601 668 3657 (1919119113-
690 3606 739 3656 142
758 3620 785 3658 v.
804 3618 869 3672 pag.
887 3607 931 3656 40.
952 3633 985 3642 -
1005 3608 1055 3658 143
1075 3603 1093 3658 l.
1113 3602 1132 3660 1.
1151 3619 1216 3673 pag.
1236 3609 1304 3673 9sq.
1399 3619 1403 3626 ’

366 3708 477 3764 144119
502 3708 583 3764 Celso
609 3707 842 3778 encyclopaediae
868 3711 981 3764 9991919
1007 3710 1067 3780 9311
1085 3708 1117 3765 Ο.
1135 3709 1222 3766 Jahn:
1245 3709 1377 3767 BerIchte
1401 3712 1450 3766 der

276 3799 454 3856 stichsischen
469 3798 658 3856 Gerellschalt
675 3799 725 3854 der
736 3797 975 3854 wissenschaften
992 3802 1075 3866 1819,
1099 3800 1133 3855 de
1150 3797 1224 3854 (19191
1243 3800 1322 3856 libris
1336 3800 1449 3857 rusticis

278 3889 409 3947 disseruit
427 3888 619 3945 Reitzenstein
636 3887 655 3943 1.
675 3890 693 3942 1.
712 3906 777 3959 pag.
796 3891 839 3944 39.

366 3983 417 4034 145
438 3977 472 4034 91.
493 3977 683 4033 Reitzenstein
701 3976 719 4031 1.
738 3977 757 4032 l.
777 3994 841 4048 pag.
860 3982 894 4031 41
906 3994 945 4045 sq.

367 4074 416 4124 146
436 4067 471 4122 ci.
490 4067 681 4123 Reitzenstein
699 4065 718 4122 1.
737 4065 756 4121 1.
774 4083 840 4136 pag.
858 4072 893 4121 21
904 4083 944 4134 sq.
988 4065 1068 4132 Quod
1090 4067 1119 4121 in
1144 4067 1291 4124 duodecim
1314 4067 1449 4126 librorum
1556 4071 1558 4078 '

276 4173 360 4227 opere
379 4155 535 4213 Columella
553 4155 650 4210 multis
673 4155 742 4211 locis
767 4157 866 4210 991119
883 4154 1009 4211 Atticum
1035 4156 1195 4226 contendit,
1221 4174 1284 4212 cum
1310 4157 1450 4227 prioribus

276 4246 435 4316 praeceptis
455 4245 568 4300 edendis
584 4261 697 4315 operam
712 4245 808 4300 noster
821 4245 946 4314 navaret,
964 4245 1041 4300 illius
1064 4245 1194 4300 libellum
1211 4246 1337 4303 nondum
1356 4248 1385 4302 iu
1398 4265 1450 4317 pu·

278 4333 383 4389 blicum
402 4334 527 4404 prodisse
548 4335 650 4389 statuo.

369 4428 420 4478 141
439 4426 483 4478 An
502 4423 632 4494 quisqam
650 4422 710 4479 lieri
728 4423 854 4493 potuisse
873 4425 978 4494 credat,
997 4425 1029 4478 ut
1047 4424 1157 4480 advena
1173 4422 1329 4495 Hispanus,
1348 4425 1450 4480 ltaliae

280 4513 414 4582 insuetus,
433 4511 547 4567 Latinos
567 4512 705 4582 agricolas
724 4513 851 4569 doceret?
